2548 4020
156 291 214 350 200
362 299 591 346 rusrrrurrorirs
611 298 694 344 runis
715 296 870 343 cruourcr.

196 447 393 525 Quapropter
406 443 573 505 concilium
582 441 799 504 Tridentinum
813 441 941 505 retinuit
953 441 1087 523 impedi·

157 546 297 605 mentum
312 541 445 621 puhlicae
461 539 632 602 honestatis
647 557 685 599 ex
694 539 893 600 matrimonio
904 545 973 600 rato
983 557 1090 619 usqua

157 641 197 702 ad
212 645 349 720 quartum
370 636 498 717 pradum
519 635 659 697 inclusive
668 653 682 709 ‚·
701 635 805 714 quoad
825 635 995 714 sponsalia,
1017 652 1088 696 res-

156 729 264 790 trinxit
278 728 318 791 ad
337 728 468 808 primum
488 726 626 805 pradum.
650 727 759 798 Quoad
780 727 1014 790 matrimonium
1035 747 1089 788 ra·

157 831 225 890 turn
238 825 376 900 retinuit,
398 828 530 886 autnon
545 824 722 887 immutavit
733 824 785 904 jus
799 829 900 900 vetus,
923 825 1007 905 quod
1020 824 1086 886 tale

157 922 415 1001 impedimentum
429 921 634 1000 provexisset,
657 919 826 981 dummodo
849 920 1088 982 matrimonium

157 1039 220 1082 non
234 1020 274 1081 sit
287 1017 459 1079 invalidum
474 1037 511 1079 ex
526 1017 651 1078 defectu
666 1035 847 1080 consensus.
865 1017 974 1091 Quoad
990 1036 1089 1098 spon-

157 1117 234 1178 salia
261 1114 359 1177 voluit
379 1118 414 1177 ut
428 1115 453 1176 si
475 1132 673 1195 quacumque
696 1114 735 1175 de
759 1133 854 1176 causa
876 1119 980 1178 essent
998 1117 1089 1176 inva-

155 1215 231 1291 lida,
248 1216 308 1295 hoo
322 1213 581 1294 impedimentum
596 1232 658 1276 non
673 1215 892 1293 producerent.
917 1218 950 1278 S.
973 1218 1085 1292 XXIV,

157 1333 185 1374 c.
202 1329 249 1391 111,
267 1312 306 1375 de
321 1311 389 1374 Ref.

470 1471 495 1514 B.
511 1470 542 1515 lle
555 1471 686 1527 disparitate
698 1469 770 1514 cultus

198 1584 321 1645 XXXV.
338 1581 455 1658 Cultus,
472 1599 527 1640 scu
542 1579 701 1660 religionis
720 1579 886 1660 disparitas
906 1584 1009 1662 potest
1027 1583 1089 1644 sub

158 1678 275 1756 duplici
298 1681 443 1754 respectu
465 1675 657 1737 considerari
679 1676 712 1735 in
736 1676 844 1738 ordine
865 1677 905 1738 ad
926 1679 1091 1741 matrimo-

158 1776 263 1835 nium:
281 1771 425 1834 videlioet
441 1775 470 1832 l⁰
486 1770 518 1832 in
533 1771 642 1833 ordina
657 1772 699 1833 ad
713 1773 948 1848 matrimonium
962 1779 1090 1838 contra-

159 1871 310 1946 handum,
320 1869 389 1930 i⁰in
400 1868 509 1929 ordine
520 1867 1090 1935 admatrimoniumcontractum.Sub

157 1965 259 2046 prima
273 1963 524 2042 investigatione,
541 1963 641 2044 quaeri
654 1966 757 2042 potest
770 1983 810 2025 an
825 1964 846 2026 ii
862 1965 914 2045 qui
935 1966 1090 2046 religione

158 2064 230 2122 sunt
244 2060 397 2139 dispares,
413 2059 568 2120 inhabiles
582 2061 677 2122 etiam
696 2061 759 2123 sint
777 2061 818 2122 ad
837 2061 1091 2124 contrahendum

157 2157 240 2217 iuter
253 2174 286 2216 se
299 2175 307 2234 ς
322 2155 356 2215 in
370 2153 432 2216 alia
444 2153 646 2234 inquisitione
661 2154 797 2216 dubitari
812 2158 915 2234 potest
930 2174 970 2217 an
985 2159 1091 2218 muta-

158 2251 200 2312 tio
215 2247 374 2329 religionis
388 2250 459 2327 post
474 2251 669 2309 contractum
691 2249 928 2322 matrimonium
947 2249 987 2310 sit
1006 2249 1089 2311 ratio

158 2347 316 2408 sufficiens
331 2345 372 2406 ad
385 2345 461 2404 illud
476 2345 635 2406 vinculum
649 2345 846 2407 solvendum.

197 2446 337 2522 Utraque
364 2443 582 2522 investigatio,
612 2461 667 2503 seu
691 2442 844 2504 dubitatio
868 2462 907 2504 ex
927 2461 964 2505 eo
988 2443 1090 2506 oritur

159 2536 243 2617 quod
285 2539 449 2600 diversitas
490 2539 651 2620 religionis
693 2538 817 2601 videtur
860 2539 1004 2619 opposita
1042 2540 1091 2601 illi

159 2633 267 2695 unioni
294 2635 471 2694 animorum
499 2654 569 2715 qnae
593 2635 625 2695 in
653 2634 799 2716 conjugio
827 2635 1034 2713 desideratur,
1057 2641 1091 2699 ct

158 2729 334 2809 periculum
349 2730 558 2806 perversionis
573 2731 773 2793 constituere.
791 2732 853 2794 Sed
867 2731 967 2793 altera
985 2731 1092 2793 inves-

159 2825 268 2904 tigatio
290 2823 426 2902 pertinet
449 2825 581 2884 adeam
609 2827 803 2904 tractationis
826 2827 1003 2906 partemin
1026 2846 1091 2909 qua

160 2923 329 3003 quaerimus
344 2921 383 2982 de
398 2919 562 3000 disciplina
575 2921 722 2985 Ecclesia
744 2924 776 2982 in
801 2924 909 2986 ordine
925 2926 967 2986 ad
986 2925 1089 2986 matri-

160 3019 287 3079 monium
302 3025 491 3079 contractum.
509 3019 618 3079 Restat
631 3037 706 3099 ergo
721 3020 772 3082 hic
787 3021 839 3101 agi
854 3021 892 3082 de
907 3021 1089 3083 diversitate

160 3115 329 3196 religionis,
347 3118 496 3194 tanquam
515 3115 711 3176 obstaculum
732 3121 763 3178 et
776 3117 1034 3197 impedimentum
1050 3118 1091 3180 sit

160 3211 201 3271 ad
216 3213 449 3274 matrimonium
464 3211 723 3274 contrahendum.
742 3214 861 3276 Relicta
875 3233 950 3296 argo
970 3214 1023 3277 illa
1040 3217 1091 3276 in·

160 3307 365 3384 vestigatione
380 3306 420 3367 ad
435 3308 611 3387 sequiorem
626 3312 758 3388 partem,
777 3309 816 3371 de
831 3329 895 3391 qua
907 3311 1027 3373 consuli
1038 3311 1091 3372 de·

159 3401 343 3463 hetBened.
360 3403 440 3465 x1v.
466 3403 595 3466 Constit.
618 3404 780 3486 Apostolicr'
798 3406 957 3467 ministerii
977 3409 1014 3468 ti
1038 3423 1089 3468 oc·

159 3497 225 3558 tob.
244 3499 331 3572 1747,
347 3496 387 3556 ad
402 3497 483 3558 hano
497 3501 666 3578 pergimus.
