2530 4016
415 323 455 366 ns
475 321 603 370 ossscru
623 321 706 367 sums
727 323 883 370 cmonrcr.
1053 313 1111 372 307

180 471 361 543 utebantur,
378 469 410 528 et
422 466 581 527 communi
594 465 728 544 preside
750 466 926 528 studiorum
940 471 972 530 et
985 485 1112 530 morum

180 566 397 636 moderatore;
413 562 470 622 sed
483 561 625 623 discendi
639 580 734 624 causa
747 563 873 644 publica
886 565 1041 627 auditoria
1050 567 1113 628 ire-

181 661 386 743 quentabant.
403 658 599 720 Pedetentim
612 658 645 718 in
660 659 734 737 ipsis
749 657 887 739 collegiis
905 660 1013 722 doceri
1029 679 1112 742 coep-

179 764 249 821 tum
259 760 325 829 est;
341 756 386 819 ita
399 753 604 833 multiplicata
618 756 649 815 et
662 755 881 816 variisinlocis
897 759 1039 818 extructa
1053 758 1112 818 ha-

179 851 318 913 buerunt
337 846 465 926 publica
484 845 649 926 gymnasia
661 863 719 924 pro
733 845 915 908 liberalibus
928 848 1063 924 artibus,
1081 853 1112 910 et

180 942 407 1025 philosophicis
419 941 471 1003 vel
487 933 672 1020 theologicis
685 942 796 1005 studiis
810 943 972 1005 tradendis
988 943 1113 1023 singula

180 1058 237 1119 pro
252 1056 312 1100 sua
325 1037 519 1100 institutione
534 1035 610 1116 quin
623 1036 704 1099 foret
719 1037 931 1100 necessarium
952 1036 1040 1099 adire
1056 1054 1111 1115 pu·

180 1137 280 1199 blicas
295 1135 525 1198 universitates.

558 1227 598 1274 1v.
610 1229 737 1274 &minaria

220 1329 288 1391 XII.
304 1324 457 1388 Institutio
470 1325 515 1388 ita
528 1323 671 1404 pluribus
688 1323 942 1388 universitatibus
966 1329 997 1386 et
1020 1327 1112 1388 colle-

179 1426 240 1507 giis
254 1441 325 1504 quae
338 1424 429 1486 tanta
441 1421 526 1482 fama
540 1423 571 1482 et
584 1419 678 1482 laude
693 1420 758 1482 sive
773 1419 919 1482 scientias
932 1422 998 1482 sive
1011 1421 1112 1483 bones

180 1527 264 1586 artes
291 1519 477 1593 tradebant,
514 1516 742 1579 adamaverunt
776 1517 881 1594 plures
908 1517 1112 1579 ecclesiarum

179 1617 301 1700 praeloti
316 1619 352 1678 ut
365 1613 470 1676 clerici
480 1611 622 1693 juniores
636 1612 677 1673 ad
698 1613 876 1675 academias
896 1616 928 1675 et
946 1616 1113 1694 gymnasia

180 1711 309 1794 publice
330 1711 540 1772 mitterentur.
563 1708 758 1770 selectorum
781 1712 1016 1770 antecessorum
1039 1709 1111 1772 doc-

180 1810 273 1884 trine,
290 1806 427 1887 plurium
441 1823 478 1867 eo
494 1805 746 1867 convenientium
761 1804 929 1881 aemulatio,
944 1806 1112 1867 commoda

180 1904 297 1968 edium
311 1903 343 1964 in
356 1902 390 1963 id
399 1905 614 1964 extructarum
628 1900 756 1982 cosdem
770 1899 917 1981 praelotos
932 1918 1111 1963 commove-

180 2005 254 2062 runt
266 2003 302 2062 ut
314 1999 347 2060 id
361 1997 482 2059 consilii
496 1999 666 2076 caperent:
682 1997 767 2057 unde
781 2013 874 2059 omne
890 2014 968 2076 opus
987 1997 1109 2059 institu-

179 2096 274 2158 tionis
287 2093 455 2173 thcologiae
471 2095 502 2155 et
515 2092 674 2154 canonicae
694 2091 727 2152 in
748 2092 893 2154 doctores
913 2092 1111 2153 academicos

180 2200 212 2259 et
225 2194 409 2256 inferiorum
423 2191 600 2254 studiorum
619 2193 653 2252 in
675 2194 884 2270 praeceptores
908 2190 1111 2271 collegiorum

180 2291 398 2353 devolverunt.
415 2287 507 2351 Unde
521 2287 553 2348 in
567 2287 710 2367 pluribus
732 2287 870 2348 ecclesiis
887 2287 974 2348 nuda
986 2305 1112 2348 reman-

180 2389 288 2449 serunt
301 2384 429 2446 nomina
442 2389 615 2459 centorum,
632 2382 892 2463 primiceriorum,
909 2382 1112 2445 scholastico-

181 2499 251 2541 rum
267 2482 298 2541 et
310 2477 540 2557 theologorum,
555 2476 702 2538 videlicet
716 2476 783 2537 sine
798 2475 931 2537 docendi
946 2475 1060 2538 officio.

221 2575 284 2639 Sed
302 2574 376 2636 licet
399 2572 618 2635 universitates
642 2575 674 2634 et
695 2573 827 2652 collegis
849 2573 1025 2635 litterarum
1046 2575 1076 2634 st
1097 2565 1116 2617 -'

182 2673 270 2735 dium
292 2671 414 2733 facilius
437 2662 649 2746 reddiderint
669 2670 878 2749 scientiasquc
899 2668 1109 2749 provexerint,

180 2767 345 2848 disciplina
359 2770 464 2830 tamen
479 2769 511 2828 ct
531 2783 635 2826 mores
650 2765 836 2827 clericorum
851 2766 1022 2828 deteriores
1037 2767 1111 2826 sunt

182 2861 306 2924 redditi.
322 2861 357 2922 ln
371 2862 458 2923 tanto
475 2858 558 2921 enim
570 2858 722 2939 juvenum
737 2861 883 2921 confluxu
902 2858 942 2920 ah
957 2859 1111 2919 extraneis

180 2957 336 3036 magistris
351 2974 413 3017 non
427 2956 471 3017 sic
485 2956 516 3016 in
533 2955 635 3018 officio
652 2958 821 3034 potuerunt
836 2953 991 3016 contineri
1005 2953 1110 3014 clerici

182 3051 263 3115 sicut
281 3070 300 3113 a
318 3051 514 3132 primicerio,
535 3051 755 3124 archidiacono
782 3051 841 3112 suh
866 3047 964 3110 oculis
990 3046 1111 3125 episco-

181 3164 305 3226 porum.

220 3244 349 3307 Interim
377 3243 481 3305 clerici
509 3245 541 3305 in
566 3241 736 3304 academiis
764 3243 905 3303 viventes
931 3243 1022 3302 erant
1044 3239 1112 3300 sine

183 3340 353 3419 iunctione,
365 3341 523 3421 degebant
532 3341 564 3402 in
575 3343 660 3401 coetu
673 3339 826 3401 laicorum
840 3336 1109 3413 scholasticorum,

184 3438 267 3500 unde
280 3439 433 3501 laicorum
446 3455 551 3500 mores
564 3436 767 3498 imbiberunt.

223 3536 289 3598 Hoc
310 3535 436 3599 intuens
464 3534 604 3598 Ecclesia
631 3534 753 3597 curavit
772 3539 807 3594 ut
830 3531 944 3595 iterum
964 3528 1069 3592 clerici
1092 3545 1111 3588 e
