2476 4022
359 323 399 366 na
422 321 549 368 cornero
569 321 651 369 rums
673 323 828 372 onnonrcr.
1020 313 1057 372 sl

125 466 234 529 eismis
247 470 279 528 et
293 465 368 528 salis
381 464 598 545 degustatione
614 465 654 528 ad
671 469 874 548 effugandum
885 469 1058 550 diabolum,

124 563 162 624 in
182 562 376 641 professione
398 562 488 638 fidei,
516 566 547 625 et
567 563 708 625 oratione
735 580 811 643 erga
836 567 945 626 Deum.
973 571 1060 629 'lunc

124 657 236 737 incipit
248 657 281 717 in
296 657 469 718 Ecclesiam
478 657 603 736 ingredi
612 658 830 738 baptizandus,
844 678 942 739 quum
951 662 1060 725 recitat

124 751 307 829 symbolum
327 755 358 813 ct
376 749 550 812 orationem
565 751 766 813 dominicam.

169 848 198 908 3⁰
212 845 352 926 Expletis
366 846 415 906 his
429 847 540 909 ritibus
554 850 799 927 praeparatoriis,
815 850 947 930 tingitur
957 851 1059 912 inians

123 941 161 1002 in
183 961 265 1023 aqua
287 943 427 1019 lustrali,
450 943 499 1004 vel
520 961 577 1024 per
599 944 806 1024 infusionem,
838 947 888 1008 vel
918 965 975 1025 per
1003 949 1059 1008 im-

124 1041 326 1115 mersionem,
340 1038 430 1118 juxta
440 1039 544 1100 varios
558 1041 698 1102 ecelesia
716 1059 830 1104 mores.
842 1044 1056 1122 Hocperacto,

124 1136 292 1196 universus
305 1133 383 1196 ritus
396 1134 531 1196 intendit
544 1135 718 1213 exprimere
738 1138 891 1198 salutares
911 1136 1059 1216 baptismi

124 1231 272 1306 effectus,
299 1230 330 1289 in
354 1229 520 1291 traditione
544 1230 638 1291 vestis
662 1231 741 1292 albae
771 1249 841 1311 quae
868 1231 1055 1310 puritatem,

123 1324 207 1384 cerei
225 1323 353 1384 accensi
376 1323 429 1401 qui
452 1324 613 1385 caritatem
633 1323 765 1401 indicat,
782 1328 813 1386 et
831 1325 863 1385 in
883 1325 1058 1387 chrismatis

124 1420 274 1482 unctione
298 1423 334 1481 ut
358 1421 390 1480 in
414 1422 543 1497 accepta
562 1417 684 1497 justitia
707 1422 739 1480 et
760 1421 923 1483 sanctitate
951 1439 1058 1500 perso·

125 1520 222 1578 verat.

163 1608 372 1689 Loquendum
385 1607 480 1670 etiam
494 1611 541 1669 est
550 1607 590 1667 de
605 1607 739 1668 nominis
752 1607 961 1686 impositione,
972 1607 1056 1687 quod

124 1718 195 1762 cum
210 1717 295 1760 nova
309 1699 470 1761 nativitate
481 1699 687 1775 connectitur,
700 1699 846 1778 quodque
857 1703 942 1760 emat
951 1700 1056 1760 Eccle-

124 1798 171 1858 sia
190 1802 226 1860 ut
247 1797 280 1856 in
302 1794 480 1856 nominibus
499 1795 532 1854 in
551 1795 610 1855 hac
624 1794 772 1858 societate
787 1795 882 1856 sacris
897 1797 1053 1876 eligatur:

123 1895 310 1975 rejiciuntur
332 1891 459 1953 nomina
482 1892 609 1970 propria
633 1891 784 1972 falsarum
812 1891 999 1972 religionum
1026 1898 1057 1955 et

123 1991 363 2147 ldffldllrlibmentur
375 2083 500 2143 Potrici
517 2101 529 2142 .·
547 2083 661 2172 horum
680 2084 768 2162 origo
788 2085 828 2144 ab
845 2085 992 2146 Ecclesiae
1011 2085 1056 2146 in·

123 2181 298 2244 cunabulis.
311 2183 350 2242 lli
363 2181 464 2260 primo
480 2178 553 2242 dieti
568 2179 867 2259 suntfidejnssores',
883 2185 915 2243 et
928 2200 1055 2260 sponso-

122 2297 182 2356 res,
209 2279 284 2340 fidei
309 2278 487 2354 dictatores,
511 2279 687 2354 offerentes,
712 2280 743 2338 et
765 2280 855 2338 erant
879 2279 1055 2342 catechistae

94 2450 97 2454 ¹
123 2375 176 2453 qni
191 2373 230 2434 de
246 2372 464 2434 catechumeni
479 2372 618 2432 moribus
629 2375 660 2432 ct
671 2370 736 2433 vita
749 2370 947 2433 testabantur
960 2374 992 2432 et
1005 2389 1057 2432 ve·

121 2469 178 2529 luti
195 2467 423 2546 fidejubebant.
444 2467 536 2527 Hisce
555 2469 774 2528 successerunt
789 2469 987 2544 susceptores
1001 2482 1056 2525 seu

121 2564 236 2644 patrini
252 2567 284 2626 et
297 2564 452 2639 matrinae,
467 2563 558 2642 quusi
571 2565 676 2640 patres
692 2566 723 2624 et
736 2565 852 2623 matres
866 2560 1053 2640 spirituales,

123 2675 258 2738 quorum
276 2673 390 2717 munus
410 2659 457 2718 est
474 2655 681 2735 baptizandos
699 2656 811 2716 offerre
825 2655 987 2732 ministris,
1002 2672 1056 2716 eos

122 2753 160 2814 de
182 2751 381 2816 sacrofonte
403 2751 572 2830 suscipere,
595 2769 652 2830 pro
673 2750 843 2812 infantibus
863 2750 1055 2830 respondere

122 2851 265 2912 ministro
278 2849 496 2927 interroganti,
510 2847 633 2909 adultos
643 2848 758 2908 docere
774 2847 850 2928 quid
863 2847 1055 2926 respondere

122 2945 269 3022 debcant,
286 2945 335 3006 vel
351 2962 459 3004 eorum
473 2943 542 3005 vice
557 2944 747 3023 respondere
766 2946 792 3004 si
811 2945 851 3006 sd
870 2943 902 3004 id
917 2961 980 3003 non
995 2944 1056 3003 siut

121 3041 238 3117 idonei,
255 3045 417 3119 susceptos
432 3039 569 3116 demum,
586 3041 613 3100 si
627 3041 686 3102 hoc
697 3040 799 3102 officio
810 3058 872 3101 non
882 3039 1056 3118 funguntur

121 3141 268 3216 parentes
283 3135 452 3212 naturales,
467 3136 501 3195 in
515 3136 610 3196 rebus
628 3135 704 3196 fidei
722 3135 963 3213 christianaque
983 3133 1054 3196 doe·

121 3236 209 3296 trinas
226 3232 365 3295 erudire.

159 3331 236 3391 lnde
252 3347 272 3388 a
286 3327 400 3407 patrini
415 3347 543 3390 munere
561 3331 763 3390 removentur
779 3325 934 3405 infideles,
952 3333 983 3391 et
1002 3330 1054 3390 he·

122 3426 274 3501 terodoxi,
288 3425 560 3503 excommunicati,
571 3426 714 3502 infames,
726 3424 855 3486 rationis
870 3443 928 3486 usu
943 3443 1055 3486 caren-

122 3525 177 3602 tes,
207 3524 460 3588 rudimentorum
486 3523 562 3584 fidei
588 3521 700 3601 ignari,
730 3525 762 3583 et
788 3523 876 3585 muti.
904 3523 994 3597 Item,
1016 3521 1051 3580 'et
