2476 4022
194 271 233 328 76
402 277 629 326 1usr1rur10uns
650 278 732 324 uunrs
753 278 909 326 canorum.

232 430 273 490 Αι
287 426 433 488 differens
448 429 494 488 est
508 425 660 487 hodierna
669 424 842 505 disciplina,
852 444 921 506 quae
932 425 1124 506 jamdudum

192 522 323 585 invaluit
334 523 368 583 in
381 523 520 584 Ecclesia
532 525 599 584 tum
608 539 712 601 graeca
724 524 793 582 tum
806 521 913 598 latina,
930 525 964 584 ut
978 527 1125 600 peccato·

192 618 278 679 ribus
292 619 431 680 contritis
442 621 473 680 et
486 617 635 678 confessis
645 617 848 678 absolutionis
862 617 1049 678 beneficium
1062 619 1125 678 im·
1199 672 1202 678 .

192 711 344 794 partietur
365 714 535 789 antequam
559 707 802 770 satisfactionem
828 707 1032 786 peregissant.
1062 711 1125 771 La-

192 808 371 867 mentautur
389 805 515 883 quidem
536 804 721 866 Jansenistae
735 803 817 864 banc
835 802 1005 881 disciplina
1019 821 1124 864 sacra·

192 900 335 962 mentalis
362 899 621 960 immutationem.
652 900 768 958 Verum
803 914 899 977 quum
934 897 1121 976 satisfactio,

192 995 265 1056 licet
282 1012 354 1073 pars
372 994 412 1054 sit
430 993 617 1054 sacramenti
635 992 837 1072 poenitentia,
854 996 960 1054 tamen
974 1011 1033 1054 nec
1049 991 1124 1072 jure

193 1091 297 1152 divino
308 1107 366 1150 nec
380 1092 492 1150 natura
505 1087 692 1150 sacramenti
702 1088 805 1167 exiget
819 1091 853 1148 ιιι
866 1087 1055 1150 absolutioni
1067 1106 1123 1148 au-

192 1187 392 1263 teponantur,
409 1201 472 1246 non
486 1186 533 1244 est
547 1201 644 1262 quare
661 1185 902 1263 conquerantur.
918 1183 1032 1264 Agitur
1045 1201 1123 1264 ergo

192 1280 232 1341 dc
253 1297 317 1339 una
335 1297 373 1340 ex
392 1277 429 1338 iis
451 1277 621 1356 disciplinis
642 1275 838 1356 quas„salva
856 1279 1125 1337 sacramentorum

192 1375 376 1452 substantia,
389 1373 528 1435 Ecclesia
537 1372 644 1435 statuit
654 1372 703 1433 vel
716 1372 861 1432 immutat
871 1370 966 1450 (l'rid.
980 1389 1056 1433 sess.
1068 1376 1120 1435 21.

3 1494 4 1524 ι
60 1527 65 1539 ,
178 1491 220 1532 ·ο.
238 1470 285 1550 ιι),
302 1467 395 1550 prout
409 1468 642 1549 suscipientium
655 1467 780 1530 utilitati
797 1468 847 1528 vel
865 1469 1004 1547 ipsorum
1017 1487 1123 1532 sacra·

193 1569 370 1626 mentorum
388 1563 592 1639 venerationi,
613 1579 669 1641 pro
690 1579 807 1637 rerum,
828 1563 1015 1639 temporum,
1034 1562 1123 1624 loco-

193 1677 263 1718 rum
277 1659 438 1734 varietate,
455 1658 555 1736 magis
570 1656 717 1735 expedire
728 1655 925 1735 judicaverit.

232 1753 397 1828 (laterum,
417 1752 683 1832 quemadmodum
699 1753 733 1811 in
751 1751 850 1812 veteri
868 1750 1031 1829 disciplina
1044 1751 1123 1812 ade-

191 1854 262 1912 raut
276 1850 418 1928 exempla
427 1849 631 1912 absolutionis
640 1852 712 1909 ante
722 1847 1119 1927 impletumpoenitentiam,

190 1948 234 2009 ita
248 1949 279 2008 et
292 1945 386 2006 bodie
401 1963 462 2005 non
477 1943 662 2024 prohibetur
675 1944 889 2005 sacerdotibus
902 1947 937 2005 ut
950 1943 1119 2024 aliquando

190 2041 352 2121 poenitenti
361 2040 604 2103 satisfactionem
612 2043 684 2103 ante
693 2040 1120 2118 absolutionemimplendam

189 2136 365 2217 injungant,
378 2137 405 2196 si
414 2137 593 2216 poenitentis
603 2135 813 2197 emendationi
823 2138 854 2198 et
864 2135 956 2197 saluti
970 2136 1119 2215 expedire

186 2233 408 2314 judicaverint.

229 2328 339 2390 Modus
359 2326 531 2390 sustinendi
549 2323 728 2406 hujusmodi
748 2325 947 2404 poenitentias
968 2326 1046 2388 alius
1070 2331 1118 2388 est

189 2423 342 2502 publicus,
360 2423 438 2482 alius
451 2422 614 2501 privatus:
638 2419 767 2482 undeet
784 2421 852 2499 ipsa
870 2422 1053 2499 poenitentia
1066 2423 1118 2484 vel

188 2517 313 2596 publica
326 2516 376 2576 vel
390 2517 513 2594 privata
527 2516 650 2578 accidit.

119 2651 121 2655 -
227 2611 313 2671 Licet
330 2611 414 2670 enim
432 2612 634 2688 poenitentiae,
655 2614 690 2673 ut
707 2613 800 2672 autea
817 2612 953 2690 positum
971 2618 1028 2690 est,
1052 2631 1117 2676 nun

188 2706 249 2765 sint
269 2705 417 2768 instituta
438 2706 478 2767 ad
499 2705 658 2784 publicum
679 2705 835 2768 societatis
854 2708 1042 2786 exemplum,
1059 2711 1116 2771 sed

78 2785 81 2791 ’
141 2836 143 2841 -
187 2798 228 2859 ad
243 2799 495 2861 emendationem
509 2799 727 2880 delinquentis,
739 2801 871 2880 proinde
883 2820 920 2862 ex
930 2819 988 2863 sua
1001 2807 1116 2865 natura

188 2911 249 2956 non
258 2895 657 2975 requirantutiusocietatis
668 2896 995 2976 notitiamdcveniant,
1007 2901 1115 2960 tamen

138 3066 143 3076 ¹
187 2991 356 3071 aliquando
370 2995 427 3072 per
444 2993 589 3054 accidens
606 2994 676 3072 ipsa
694 2992 740 3052 rei
759 2992 936 3055 emendatio
958 2992 1062 3073 exiget
1081 2999 1117 3056 ut

186 3086 318 3163 publicae
334 3088 478 3165 evadant,
496 3088 546 3149 vel
559 3090 632 3167 quia
646 3088 845 3167 superbiarei
855 3087 1046 3150 conterenda
1060 3089 1112 3166 sit,

185 3181 235 3240 vel
243 3183 316 3260 quia
323 3183 505 3244 scandalum
519 3201 557 3244 cx
570 3183 702 3261 publicis
717 3188 748 3246 et
765 3184 892 3245 notoriis
902 3185 1115 3265 gravibusque

186 3277 366 3341 criminibus
381 3285 484 3362 ortum
497 3282 546 3358 sit,
560 3299 597 3342 ex
611 3282 667 3342 Dei
680 3287 837 3362 praecepto
851 3283 1072 3362 reparandum.

225 3375 342 3434 Verum
362 3377 467 3456 itaque
487 3378 554 3440 haec
567 3373 758 3457 poeuitentiae
771 3380 891 3459 specics
915 3398 977 3442 non
990 3397 1117 3459 semper

186 3468 298 3530 endem
312 3471 405 3532 modo
419 3474 595 3550 gubernata
610 3478 666 3536 est.
