2548 4020
150 285 210 345 234
359 297 692 345 1nsn1rurrounsrua1s
714 299 868 346 cenoman

149 445 261 506 tesiam
275 463 295 505 a
308 443 370 505 ilde
389 444 518 505 alterius
537 443 690 525 conjugis,
711 443 738 506 si
757 445 900 528 pertinax
918 465 992 526 pars
1010 448 1079 512 haeo

149 542 198 617 sit,
228 541 379 602 innocens
401 541 517 622 eonjux
539 541 710 603 divortium
730 541 847 619 faeere,
874 561 913 604 ex
936 547 1078 624 apostolo

148 638 246 699 Paulo
257 637 298 698 ad
307 638 412 700 'litum
420 641 450 715 3,
468 642 499 699 et
513 657 551 699 ex
566 656 594 699 o.
610 638 743 718 quesivit
762 642 791 712 ἓ,
808 639 841 700 h.
853 644 877 701 t.
890 658 927 702 ao
937 642 1080 720 pluribus

149 733 217 795 aliis
228 733 353 814 juribus
367 737 471 812 patet3
488 734 515 794 si
530 735 613 795 enim
627 733 659 793 in
673 734 792 795 earnali
807 734 973 814 adulterio,
989 736 1081 800 favor

149 830 200 891 hio
226 831 432 910 separationis
459 829 611 892 faoiendaa
640 847 806 892 conoessus
833 835 881 893 est
907 832 1078 910 innocenti,

134 928 257 1008 negari
285 945 347 988 non
371 925 465 989 debet
487 932 618 1007 propter
638 928 828 992 adulterium
848 929 1024 1008 spirituale;
1048 936 1081 993 et

148 1024 292 1105 quamvis
305 1028 435 1104 propter
454 1023 516 1084 alia
537 1024 681 1104 eonjugis
703 1025 845 1089 nocentis
865 1025 997 1088 erimine
1016 1044 1080 1089 non

148 1119 245 1198 possit
259 1119 428 1181 divortium
442 1119 602 1180 celebrare
616 1121 769 1182 innooans
783 1121 916 1202 eonjux,
933 1123 978 1185 uti
991 1123 1081 1185 oolli-

146 1217 231 1297 gitur
245 1235 283 1278 ex
302 1217 354 1279 oit.
378 1234 407 1278 o.
432 1215 585 1296 quaesivit.
611 1219 786 1298 Utrumque
806 1222 912 1280 tamen
933 1220 994 1281 hoo
1013 1224 1080 1282 tam

147 1313 284 1390 carnale,
301 1331 397 1392 quam
418 1312 579 1392 spirituale
601 1312 791 1398 adulterium
813 1315 978 1394 excipitur,
1001 1316 1078 1376 illud
1146 1351 1148 1357 s

147 1412 275 1493 quidem
296 1412 337 1473 oh
360 1412 456 1473 fidem
479 1411 562 1473 thori
586 1411 730 1490 fractam,
756 1411 816 1473 hoe
841 1413 880 1473 ob
903 1413 1077 1491 perieulum

147 1509 368 1587 perversionis.
385 1506 514 1580 Quodsi
534 1511 639 1569 tamen
660 1524 739 1570 uxor
757 1526 776 1568 a
793 1508 861 1568 viro
881 1507 913 1568 in
933 1507 1079 1569 haeresim

146 1606 245 1683 lapso,
272 1605 400 1684 propria
423 1604 609 1667 auctoritate
631 1605 773 1682 divortit,
797 1605 941 1684 oompelli
962 1608 1077 1683 potest,
1122 1603 1127 1609 ’

146 1704 181 1763 ut
194 1701 235 1761 ad
256 1719 338 1776 eam,
361 1701 388 1760 si
408 1701 504 1761 iidem
524 1702 639 1764 iterum
659 1701 887 1781 amplectatur,
902 1701 1028 1776 redeat;
1051 1702 1078 1762 si

145 1814 221 1857 vero
235 1814 293 1876 per
304 1794 460 1876 judioium
474 1796 623 1857 Eoolesiae
639 1796 680 1856 ab
695 1814 732 1858 eo
747 1801 894 1875 separata
905 1794 974 1874 inii,
991 1814 1080 1858 oom-

145 1891 220 1973 pelli
234 1910 296 1953 non
310 1894 424 1972 potest,
440 1894 475 1954 ut
488 1891 530 1952 ad
549 1909 622 1952 eum
640 1910 827 1954 conversum
847 1893 966 1969 redeat,
986 1911 1013 1953 o.
1037 1893 1078 1952 de

145 1988 197 2050 illu
210 1993 241 2067 6,
259 1989 291 2051 h.
308 1994 331 2051 t.
353 1988 455 2067 posito
478 1988 563 2068 quod
581 1988 765 2068 religionem
782 1973 945 2069 ingressa,
957 1992 989 2050 et
1006 2005 1079 2068 pro·

144 2089 228 2148 fessa
242 2086 336 2147 fuerit
351 2085 397 2166 (ui
411 2104 451 2147 ne
466 2085 585 2147 soilioet
605 2087 708 2147 textus
728 2084 823 2165 hujus
843 2103 871 2146 o.
894 2085 934 2146 de
954 2081 1018 2162 illa,
1044 2089 1079 2145 et

144 2181 305 2262 sequentis
319 2182 449 2262 oapituli
462 2180 681 2244 contradicant
689 2179 759 2260 sibi)
771 2180 856 2260 quod
865 2179 968 2241 faeere
977 2179 1077 2240 libere

144 2279 258 2356 potest.

185 2373 217 2434 Si
231 2385 322 2434 'unus
344 2391 381 2432 ex
402 2369 581 2432 infidelibus
603 2366 791 2448 eonjugibus
812 2372 1014 2432 eonvertatur
1034 2369 1076 2430 ad

143 2467 250 2545 fidem,
274 2467 509 2530 dissolvaturns·
522 2465 684 2528 vinoulum
703 2463 853 2544 eonjugii,
874 2465 918 2526 ita
938 2468 984 2527 est
1001 2481 1076 2525 oon-

144 2580 252 2623 versus
267 2563 352 2623 alind
367 2563 600 2626 matrimonium
613 2561 693 2622 inire
707 2560 827 2640 possit?
891 2573 893 2578 ⁴
937 2571 943 2582 ’

183 2659 403 2737 Respondetur
420 2678 478 2738 per
496 2660 567 2734 hoo,
592 2656 676 2738 quod
697 2674 778 2717 unns
797 2655 938 2716 fidelium
957 2655 990 2716 in
1011 2656 1075 2717 hae-

143 2749 248 2828 resim,
265 2751 315 2811 vel
328 2751 545 2814 infidelitatem
554 2751 689 2827 labatur,
702 2767 765 2812 non
776 2750 905 2811 dissolvi
913 2749 1074 2810 vinculum

143 2844 384 2921 matrimoniale,
403 2848 448 2905 'ut
473 2863 512 2905 ex
535 2844 625 2906 dietis
645 2843 712 2923 jam
737 2846 833 2922 patet,
858 2847 945 2921 patet
966 2847 1073 2905 tamen

143 2942 237 3005 otiam
252 2962 289 3004 ax
304 2963 331 3003 o.
348 2951 461 3023 quanto
474 2945 504 3019 7,
530 2941 563 3001 h.
580 2946 603 3001 t.
620 2941 746 3020 quodsi
765 2959 802 3001 ex
822 2940 1009 3021 conjugibus
1028 2940 1073 3000 in-

141 3037 298 3114 fidelibus,
315 3037 394 3098 alter
409 3035 448 3097 au
463 3053 572 3098 veram
586 3034 683 3095 iidem
702 3038 913 3110 eonvertatur,
935 3039 966 3097 et
986 3037 1074 3096 tran-

141 3137 220 3206 seat,
236 3135 335 3194 altera
348 3133 380 3193 in
396 3151 453 3193 sua
466 3131 649 3193 infidelitate
664 3135 880 3208 permanente,
897 3134 929 3194 et
942 3131 993 3192 vel
1008 3148 1073 3192 om·

142 3229 215 3290 nino
240 3247 313 3306 non,
339 3230 389 3290 vel
416 3247 479 3290 non
507 3229 574 3289 sine
597 3227 794 3306 blasphemia
817 3227 915 3288 divini
937 3227 1073 3288 nominis

141 3320 322 3382 cohabitare
342 3321 476 3398 volente,
498 3320 548 3383 vel
576 3324 611 3382 ut
633 3320 796 3400 pertrahat
819 3323 1007 3382 conversum
1030 3319 1071 3381 ad

141 3418 305 3492 peceatum
320 3415 464 3492 mortale,
481 3435 518 3476 ao
528 3420 698 3495 pervertat,
711 3416 826 3495 poterit
835 3433 1016 3493 conversus,
1029 3415 1071 3476 ad

140 3506 278 3569 seeundo
291 3509 366 3569 rota
384 3507 529 3584 transire,
552 3509 663 3572 relicta
683 3509 846 3588 pertinaoi,
869 3514 901 3573 et
920 3526 1070 3589 perversa
