2530 4016
194 275 253 334 330
400 283 629 332 rrsrrrurrorns
650 285 734 332 rums
757 283 912 332 cruorum.

193 431 368 494 subsidium
396 429 601 492 diaconorum
629 430 902 492 constituebantur
925 430 1124 508 subdiaconi,

192 528 278 608 quod
289 527 357 608 jam
377 531 518 606 tempore
543 525 683 605 Gregorii
699 526 806 605 Magni
828 525 1007 609 factumest
1021 528 1054 587 in
1068 529 1127 590 Dc·

106 618 110 624 ’
192 629 288 690 clesia
316 645 457 689 romana.
484 630 523 690 Ut
543 633 650 688 autem
675 625 822 704 Episcopi
844 626 1026 687 levarentur·
1048 645 1127 690 cura

191 724 375 786 immediata
389 722 583 802 advigilandi
591 721 855 784 administrationi
865 726 896 784 et
909 722 1044 802 gestioni
1059 724 1126 785 dia-

194 837 357 894 conorum,
373 837 455 880 unus
470 819 587 880 electus
602 821 670 879 crat
689 816 950 894 Archidiaconus,
967 819 1021 897 qui
1040 819 1126 882 vices

191 915 335 996 Episcopi
351 914 517 992 generales
531 913 700 976 sustineret
712 914 745 973 in
764 913 824 974 hac
837 913 1061 994 temporalium
1075 934 1126 978 re-

191 1030 261 1074 rum
276 1009 557 1072 administratione.

197 1125 199 1132 ·
230 1106 292 1168 Sed
307 1103 418 1165 erectis
432 1103 511 1179 aliis,
528 1103 631 1182 primo
647 1120 731 1179 rure,
745 1102 860 1164 deinde
874 1102 906 1162 in
921 1101 1053 1164 urbibus
1068 1107 1125 1166 llo·

189 1199 292 1262 clesiis
312 1203 428 1279 praeter
451 1198 677 1276 cathedralem,
693 1198 762 1260 haec
781 1199 955 1260 communis
975 1200 1124 1262 adminis-

190 1293 331 1356 trationis
346 1292 426 1354 ratio
441 1293 526 1354 vices
540 1292 662 1372 aliquas
683 1290 789 1368 subiit,
807 1290 910 1351 missis
929 1293 1125 1372 presbyteris

189 1395 221 1454 et
234 1389 382 1451 ministris
398 1389 522 1450 illarum
542 1388 747 1449 ecclesiarum
761 1388 851 1451 titulo
863 1388 1025 1455 ordinatis.
1043 1391 1123 1454 Vide

189 1487 319 1548 Berardi
335 1489 352 1548 J
357 1503 393 1547 us
413 1485 869 1547 ecclesiasticumuniversum:
895 1485 1079 1551 Dissertatio
1095 1489 1121 1567 l,

189 1601 216 1644 o.
234 1587 264 1658 l,
282 1582 321 1643 de
335 1581 508 1642 beneficiis.

227 1678 281 1739 ΙΙΙ.
299 1678 445 1739 Solemne
456 1677 514 1737 fuit
528 1677 560 1738 in
575 1675 789 1738 ecclesiastiea
803 1676 1008 1756 discipliuaut
1024 1680 1123 1740 sacris

188 1771 373 1832 clericorum
389 1771 500 1832 officiis
515 1773 721 1850 responderet
732 1773 784 1853 jus
799 1772 839 1833 ad
852 1773 1042 1852 temporales
1050 1792 1123 1854 pro·

187 1870 299 1929 ventus
318 1884 375 1946 pro
395 1868 527 1929 honesta
546 1867 594 1928 sui
614 1867 881 1941 substentatione;
900 1869 1052 1947 scriptum
1075 1876 1124 1932 est

188 1964 272 2024 enim
288 1964 311 2044 (l
327 1965 397 2026 Gor.
414 1967 444 2041 9,
462 1966 527 2041 9,):
545 1965 613 2026 Non
628 1963 771 2044 alligabis
786 1981 820 2025 os
832 1964 908 2026 bovi
920 1965 1118 2029 trituranti...

187 2061 281 2142 quiin
293 2060 430 2121 sacrario
446 2064 710 2140 sperantesque
725 2059 764 2120 de
776 2061 913 2121 sacrario
921 2064 994 2123 sunt
1008 2061 1119 2138 edunt,

187 2163 218 2216 et
242 2155 294 2234 qui
316 2155 407 2217 altari
427 2155 609 2217 deserviunt
630 2173 702 2216 cum
725 2156 815 2217 altari
833 2156 1062 2236 participant...
1089 2163 1123 2221 et

186 2253 336 2313 Dominus
351 2251 508 2314 ordinavit
522 2251 559 2312 iis
575 2253 629 2332 qui
642 2252 850 2332 Evangelium
869 2253 1057 2316 annuntiant
1080 2255 1121 2316 de

185 2338 357 2427 Evangelio
373 2347 490 2408 vivore.
509 2348 567 2419 Oui
589 2348 670 2417 bene
695 2352 834 2425 praesunt
849 2349 873 2429 (l
892 2349 985 2426 Tim,
1000 2352 1032 2426 5,
1055 2349 1117 2429 ll),

185 2441 360 2521 presbyteri
385 2442 503 2521 duplici
526 2443 645 2504 honore
672 2443 759 2524 digni
773 2443 960 2521 habeantur,
981 2446 1119 2507 maxime

185 2537 238 2617 qui
252 2537 398 2600 laborant
411 2537 443 2598 in
466 2539 563 2599 verbo
588 2543 619 2601 et
639 2539 791 2601 doctrina.
816 2541 896 2602 Dicit
909 2541 993 2602 enim
1011 2543 1120 2622 Scrip-

184 2635 353 2693 tura:Non
365 2633 508 2712 alligabis
518 2653 552 2694 os
561 2633 634 2696 bovi
644 2635 814 2713 trituranti,
823 2644 854 2697 et
864 2637 977 2716 dignus
987 2642 1035 2700 est
1045 2656 1119 2718 ope-

184 2728 285 2786 rarius
300 2728 446 2788 mercede
462 2749 529 2790 sua.
545 2732 607 2793 Sed
615 2732 721 2806 varius
735 2731 793 2794 fuit
807 2732 918 2794 modus
933 2750 995 2814 quo
1010 2735 1119 2816 hujus-

183 2821 269 2884 modi
282 2821 333 2903 jus
343 2841 400 2902 pro
416 2823 518 2886 officio
534 2832 716 2905 competens
731 2836 938 2892 exercuerunt
946 2829 1118 2911 olerioipro

183 2920 334 2981 varietate
349 2919 627 2982 administrationis
641 2924 757 3001 peculii
771 2925 982 2987 ecclesiastici.

224 3013 329 3090 Usque
348 3012 389 3072 ad
407 3014 559 3074 saeculum
575 3031 606 3090 v,
623 3017 749 3095 quando
769 3036 832 3079 non
853 3021 922 3081 erat
939 3020 1115 3081 communis

183 3106 411 3168 administratio
427 3108 523 3170 totius
542 3099 657 3188 peculii
672 3129 727 3172 seu
748 3113 929 3191 patrimonii
951 3115 1117 3176 ecclesias-

182 3202 253 3279 tici,
278 3204 362 3283 quod
387 3206 427 3264 ab
453 3223 513 3266 uno
537 3207 683 3287 episeopo
706 3209 738 3269 in
765 3210 897 3290 singulis
924 3211 1115 3274 dioecesibus

92 3316 96 3322 ’
182 3298 330 3359 ministris
347 3299 552 3361 diaconorum
568 3305 598 3362 et
616 3303 881 3366 subdiaconorum
896 3307 1113 3385 exercebatur,

178 3389 230 3467 jus
240 3393 422 3468 temporalis
436 3394 567 3454 subsidii
578 3396 681 3458 officio
693 3399 828 3460 clericali
842 3402 1037 3480 respondens
1047 3407 1118 3465 crat

178 3483 231 3560 jus
244 3485 415 3560 recipiendi
431 3489 604 3551 ordinarias
616 3491 850 3558 distributiones
861 3497 899 3558 de
910 3515 1014 3560 massa
1029 3517 1117 3561 com·
