2548 4020
195 273 252 332 218
401 280 630 329 rusrmurrouss
650 281 732 327 roais
755 279 909 326 errorum.

195 430 436 494 determinatam
448 443 627 506 personam,
640 427 721 487 siout
731 430 763 487 et
772 423 1125 487 amorinmatrimonio.
1204 463 1206 466 -

194 530 262 589 Non
275 543 444 607 possumus
459 524 634 586 consentire
648 522 680 583 in
695 521 727 583 id
750 521 835 602 quod
852 521 1047 603 ignoramus,
1068 541 1127 585 neo

192 627 296 704 potest
309 639 399 683 amor
417 620 492 681 terri
512 618 545 679 in
567 636 735 698 porsonam
754 619 896 698 ignotam
916 619 967 680 vel
987 618 1129 680 indeter-

193 720 356 782 minatam.

234 815 267 877 Si
286 830 374 875 error
395 812 489 874 eadat
508 812 541 871 in
562 830 664 872 nomen
684 828 838 891 personae,
862 828 925 872 non
943 810 1033 873 vitiat
1051 826 1127 870 eon·

192 915 340 984 tractum,
357 925 415 969 nee
433 908 515 970 tollit
534 925 732 983 eonsensum,
753 906 827 986 quia
845 906 922 967 dum
943 909 1065 969 oonstat
1086 907 1126 968 de

122 1000 126 1008 ’
192 1023 312 1087 corpore
332 1003 386 1080 rei,
410 1020 525 1064 nomen
543 1006 592 1065 est
610 1002 686 1082 qnid
704 1001 886 1062 indifferens
903 1002 936 1062 in
955 1002 1065 1064 ordine
1085 1003 1125 1064 ad

192 1117 391 1178 eonsensum,
408 1103 440 1162 et
455 1098 639 1178 simpliciter
653 1102 851 1177 assumptum
864 1099 905 1159 ad
925 1098 1126 1161 indicandam

193 1213 372 1275 personam.

233 1291 265 1353 Si
289 1309 365 1354 vero
388 1289 473 1353 eadit
493 1289 526 1350 in
550 1290 732 1370 qualitatem,
755 1288 945 1370 generaliter
966 1288 1124 1370 loquendo

192 1405 254 1448 non
270 1387 361 1448 vitiat
375 1403 549 1464 assensum,
566 1387 640 1466 quia
653 1386 720 1447 sine
735 1403 773 1446 ea
787 1385 937 1465 qualitate
952 1384 1126 1464 coneipitur

191 1482 439 1560 matrimonium,
466 1486 497 1545 et
520 1495 691 1544 consensus
713 1481 950 1545 matrimonialis
976 1482 1016 1543 de
1044 1499 1126 1561 prae-

192 1579 274 1640 senti
287 1580 320 1639 in
336 1578 576 1640 determinatam
591 1595 770 1657 personam.

230 1673 298 1734 Dixi
313 1675 504 1753 generaliter
516 1675 686 1754 loquendo,
704 1675 779 1755 quia
797 1673 966 1753 aliquando
985 1692 1075 1735 error
1092 1672 1124 1734 in

191 1769 341 1847 qualitate
357 1787 500 1847 personae
515 1773 618 1847 potest
636 1771 747 1833 vitiare
766 1785 965 1848 eonsensum,
986 1769 1071 1849 quod
1089 1770 1126 1830 fit

191 1867 222 1925 1⁰
237 1863 263 1924 si
277 1861 411 1942 qualitas
426 1862 470 1926 ita
484 1863 675 1926 determinat
688 1882 866 1945 personam,
883 1865 914 1924 et
923 1861 1126 1941 singulariter

191 1959 367 2039 distinguit,
389 1962 424 2021 ut
442 1977 529 2021 error
548 1959 707 2039 qualitatis
727 1960 913 2022 refundatur
929 1960 962 2020 iu
984 1974 1124 2020 errorem

189 2073 344 2133 personae,
361 2055 436 2135 quia
450 2056 585 2135 qualitas
597 2055 774 2119 individuat
793 2073 978 2134 personam3
1002 2073 1052 2115 ex.
1072 2072 1121 2132 gr.

188 2151 309 2230 regine,
326 2151 546 2232 primogenita,
564 2153 726 2231 unigenita
743 2151 904 2231 principis.
926 2155 957 2212 2⁰
977 2150 1009 2212 Si
1029 2149 1125 2211 inerit

187 2246 373 2324 inpactum,
391 2246 467 2306 etin
487 2241 699 2307 conditionem
718 2246 855 2308 dedueta
873 2246 958 2325 quod
977 2244 1093 2306 aaoidit
1114 2264 1121 2305 ε

189 2345 220 2403 1⁰
236 2341 483 2420 Praesumptione
495 2339 586 2421 juris,
604 2342 634 2402 in
648 2340 810 2402 conditione
822 2340 940 2416 servili,·
953 2339 1022 2401 haeo
1036 2339 1122 2400 enim

188 2438 323 2516 qualitas
337 2438 416 2499 solet
431 2437 640 2498 communiter
655 2441 800 2500 avertere
815 2436 958 2498 homines
971 2432 1089 2496 liberos
1103 2454 1124 2495 a

187 2533 402 2595 contrahendo
427 2534 587 2614 conjugio,
614 2537 646 2596 et
664 2534 791 2594 illorum
812 2551 982 2594 consensus
1003 2549 1123 2610 praesu·

186 2630 282 2688 mitur
292 2629 524 2690 conditionatus
536 2650 543 2690 :
556 2629 615 2690 nisi
626 2629 722 2691 tueris
736 2647 838 2706 serva,
856 2633 887 2692 et
901 2629 1028 2706 aneilla,
1044 2633 1118 2705 ete,

186 2721 226 2780 ob
249 2721 451 2786 incommoda
474 2743 544 2802 quae
573 2743 611 2785 ex
640 2725 818 2788 conditione
845 2725 949 2787 servili
975 2723 1121 2786 derivant

184 2813 395 2877 matrimonio.
411 2818 455 2877 De
478 2817 625 2897 conjugio
646 2837 808 2881 servorum
828 2819 928 2900 qualis
947 2817 1043 2879 fuerit
1062 2819 1121 2878 Ee·

184 2911 287 2972 olesiae
301 2910 477 2990 disciplina,
494 2912 576 2974 inter
590 2914 827 2977 alios-auetores
845 2919 935 2995 potes
955 2915 1119 2988 consulere

182 3008 312 3069 Berardi
335 3008 415 3070 Dies.
438 3011 491 3086 lv,
514 3026 583 3088 oap.
608 3027 656 3088 111,
680 3030 711 3073 n.
735 3015 785 3089 76,
811 3018 843 3072 et
863 3031 933 3091 oap.
960 3029 1018 3088 vn,
1046 3014 1116 3073 115.

182 3107 299 3167 Verum
320 3105 425 3182 hodie,
449 3110 571 3169 cessata
592 3107 741 3170 servitute
761 3109 877 3187 servili,
899 3113 1001 3172 cessat
1021 3110 1119 3172 etiam

181 3201 241 3261 hoe
254 3202 526 3279 impedimentum.

219 3298 251 3354 2⁰
265 3296 424 3358 Eleationa
439 3298 705 3377 contrahentium,
718 3299 875 3380 siquidem
890 3301 1029 3380 aliquam
1044 3321 1117 3380 spe·

179 3385 291 3448 cialem
305 3391 490 3468 qualitatem
503 3395 548 3454 sio
562 3395 791 3472 adamaverint,
802 3396 858 3458 'vel
880 3397 920 3457 ab
935 3397 1042 3476 aliqua
1057 3397 1116 3457 de-

176 3481 342 3544 terminata
356 3487 505 3564 qualitate
520 3488 566 3550 sie
576 3490 808 3568 abhorruerint,
821 3495 856 3553 ut
872 3490 956 3552 iilius
974 3491 1116 3554 existen-
