2476 4022
386 287 426 331 oe
448 287 576 335 omscro
596 292 678 338 rums
700 293 855 340 cruorum.
1049 285 1086 344 Π

140 429 360 507 ablutionem,
379 436 410 494 et
428 433 584 511 baptisma
598 437 826 513 ministrarent;
844 440 938 502 etita
956 457 1018 501 uno
1039 457 1088 501 eo·

142 527 293 610 demque
321 537 406 608 actu,
435 550 513 611 quos
541 537 764 613 regenerarent
790 535 822 594 in
846 535 979 614 Christo,
1007 536 1088 598 filios

144 632 367 708 aggregarent
388 646 510 706 sponsae
538 630 606 710 ejus
635 649 704 710 quae
733 634 781 692 eet
807 631 962 708 Ecclesia,
992 637 1087 714 etque

145 726 306 805 appositis
320 726 447 806 regulis,
466 731 497 790 et
515 731 692 790 ceterorum
711 730 978 788 sacramentorum
992 728 1086 808 parti-

146 821 311 898 cipatione
330 823 362 883 iu
381 829 511 902 accepta
528 823 651 903 justitie
669 826 941 900 conservarentur,
958 825 1086 902 perlice-

148 921 274 996 rentur,
292 923 323 981 et
343 919 375 980 in
388 920 473 981 viam
487 919 596 981 salutis
611 920 669 980 sub
685 919 768 980 illius
782 919 962 1000 magisterio
979 926 1011 980 et
1030 939 1087 1000 gu-

150 1012 263 1076 bernio
279 1016 321 1077 ad
337 1021 486 1078 aeternam
500 1016 680 1078 felicitatem
696 1013 956 1077 conducerentur.

190 1113 239 1174 Ita
257 1113 291 1173 in
310 1116 448 1173 mentem
467 1116 615 1174 revocate
628 1111 703 1173 viris
721 1111 875 1192 theologis
888 1110 1086 1191 baptismatis

152 1206 359 1282 institutione,
372 1209 481 1270 inutile
496 1208 635 1287 prolecto
650 1226 764 1269 censeo
779 1207 818 1269 de
833 1207 915 1270 illius
929 1209 1044 1271 virtute
1054 1211 1086 1270 et

152 1299 362 1362 invisibilibus
376 1301 548 1377 effectibus,
561 1301 600 1364 de
615 1301 727 1377 forme,
740 1299 894 1377 ministro,
909 1307 941 1362 et
953 1302 1086 1363 materia

147 1395 247 1476 ‘hujus
272 1398 461 1460 sacramenti
485 1397 662 1478 dogmatice
684 1395 843 1475 inquirere
869 1416 875 1457 :
907 1397 1085 1458 universam

154 1491 248 1572 igitur
262 1493 346 1554 hanc
359 1495 578 1556 tractationem
592 1492 765 1571 retringam
781 1491 822 1552 ed
840 1509 877 1552 ea
898 1509 1000 1570 pauca
1014 1509 1084 1571 quae

156 1585 193 1647 de
215 1588 429 1651 ecclesiastica
445 1589 610 1667 disciplina
628 1588 800 1668 prudenter
817 1589 935 1650 statuta
952 1593 1026 1649 sunt
1044 1589 1084 1650 ad

154 1681 272 1744 licitam
292 1689 325 1746 et
346 1685 493 1747 decoram
518 1685 612 1765 hujus
635 1684 823 1746 sacramenti
844 1684 1085 1747 administratio·

157 1791 237 1857 nem,
255 1797 399 1860 quaequae
414 1785 545 1860 possunt
559 1782 600 1849 ad
614 1781 682 1843 heco
696 1779 800 1858 capita
813 1782 953 1842 revocari
971 1799 978 1842 :

316 1876 346 1934 1⁰
361 1861 592 1940 administrum
606 1879 638 1938 ei
651 1874 828 1955 subjectum

314 1971 346 2030 2⁰
361 1971 400 2031 ad
415 1974 539 2052 tempus
554 1977 585 2033 et
598 1973 702 2034 locum

314 2066 346 2124 3⁰
360 2065 400 2127 ad
416 2067 610 2128 ceremonias
624 2070 656 2128 et
669 2066 758 2128 ritus.

55 2237 57 2244 Ι
194 2161 229 2220 Ν.
247 2160 283 2220 Β.
301 2194 341 2205 -
354 2161 398 2221 De
413 2162 674 2223 catechumenatu
683 2179 733 2222 res
748 2160 807 2230 erit
817 2177 913 2239 quum
923 2166 1035 2239 agetur
1045 2159 1085 2221 de

159 2255 269 2316 adultis
284 2257 326 2317 ed
339 2256 509 2336 baptistum
524 2256 708 2327 ollerendis;
727 2255 766 2315 de
780 2255 922 2334 patrinis,
935 2256 974 2317 de
988 2257 1085 2318 bene-

159 2351 408 2431 detonsaque,
429 2352 469 2413 de
487 2351 698 2428 immersione,
717 2350 884 2427 infusione,
905 2352 1084 2430 aspersione

138 2500 141 2505 .
160 2465 251 2526 quum
265 2454 379 2530 agetur
393 2450 431 2511 de
447 2448 643 2510 ceremoniis.

419 2611 431 2657 5
446 2605 466 2649 1.
481 2618 509 2650 or
526 2616 639 2650 rrursrno
653 2616 680 2650 rr
696 2616 815 2650 susrscro.

528 2717 548 2762 l.
562 2718 594 2762 lla
604 2716 710 2760 ministro.

193 2824 231 2885 ll.
248 2822 345 2885 Primi
359 2823 559 2902 Baptismatis
574 2823 708 2885 ministri
722 2823 762 2886 ab
776 2824 845 2904 ipso
867 2826 991 2888 Christo
1011 2841 1084 2887 con·

161 2919 252 2982 stituti
273 2922 346 2980 sunt
363 2919 495 2998 apostoli
520 2938 526 2980 :
548 2938 610 2982 uou
632 2927 738 2981 autem
758 2924 914 3002 quatenus
934 2920 1085 2983 adminis-

160 3017 247 3078 tratio
267 3016 464 3094 baptismatis
487 3015 528 3076 ad
552 3016 612 3078 hoc
640 3021 675 3077 ut
697 3025 929 3079 sacramentum
952 3019 1082 3094 valeret,

161 3115 236 3174 esset
251 3112 328 3192 quid
342 3109 503 3190 apostolici
518 3113 656 3174 muneris
671 3115 832 3192 proprium
847 3116 895 3174 est
903 3113 1061 3193 singulare
1075 3135 1081 3175 :

160 3209 300 3288 Legimus
316 3209 399 3269 enim
418 3209 549 3268 Paulum
568 3210 767 3287 profitentem
786 3227 819 3268 se
843 3226 905 3269 non
926 3209 965 3271 ad
984 3211 1083 3293 bapti-

161 3304 301 3380 zandum,
313 3303 373 3365 sed
389 3303 430 3364 ad
451 3304 686 3382 praedicandum
706 3305 835 3365 missum
854 3304 959 3383 fuisse,
981 3311 1012 3369 et
1031 3309 1084 3369 ha-

161 3399 267 3461 bemus
284 3400 316 3460 in
331 3400 496 3461 Actibusa
513 3401 655 3462 diaconis
677 3400 770 3461 etiam
791 3402 906 3480 passim
924 3404 1084 3486 Baptisma

162 3492 249 3556 luisse
264 3494 425 3571 collatum,
449 3494 516 3574 (scd
536 3499 690 3577 quatenus
709 3495 879 3576 procedere
899 3496 1034 3560 debebat
1052 3498 1083 3558 in
