2476 4022
411 257 450 302 nn
473 256 599 304 omrcro
619 257 701 304 roms
724 257 877 306 canorum.
1070 247 1104 306 ll

175 401 271 467 Unde
285 399 416 462 invaluit
432 399 541 460 isthaec
553 399 781 480 terminologia,
798 419 868 480 quoe
886 402 1109 480 receptacula

175 498 302 559 duobus
321 496 470 574 conciliis,
489 496 654 556 florentino
674 499 705 557 et
723 497 913 570 tridentino;
933 497 1108 559 secundnm

175 609 232 653 eas
254 590 390 668 synodos
412 589 536 670 signum
554 589 674 650 visibile
693 596 960 651 sacramentorum
979 591 1109 654 resultat

176 705 265 748 exre
280 685 428 748 etverbis
446 705 453 746 :
475 703 509 748 re
528 685 657 765 quidem
674 688 827 765 tanquam
846 687 987 766 materie,
1005 688 1107 750 verbis

175 790 332 864 tanquam
345 783 457 844 forma.

217 885 251 942 2⁰
264 879 385 958 Duplex
401 884 507 940 autem
529 879 576 938 est
595 877 747 939 terminus
761 877 912 941 incalcata
926 896 1108 940 sacramen·

176 980 284 1040 turum
306 993 313 1034 :
335 973 435 1054 pratia
457 976 488 1035 et
508 972 668 1050 character,
689 974 792 1052 gratia
809 974 938 1054 quidem
955 974 1108 1036 terminus

177 1072 320 1133 omnium
333 1073 603 1130 sacramentorum
616 1071 773 1148 proprius,
786 1071 949 1132 character
962 1070 1108 1150 proprius

161 1166 412 1250 nonnullorum.
429 1163 536 1227 Gratia
551 1168 656 1226 autem
671 1183 740 1245 quae
754 1185 812 1245 per
825 1169 1022 1228 sacramenta
1036 1183 1109 1245 pro-

177 1251 315 1337 ducitur,
337 1260 484 1322 bifariam
505 1260 716 1341 distinguitur,
733 1261 931 1324 sanctificans
953 1265 984 1324 et
1004 1279 1109 1322 sacra·

177 1355 343 1428 mentalis3
365 1353 600 1415 sacramentalis
620 1371 689 1433 qua
709 1353 824 1414 auxilia
838 1354 892 1415 dat
905 1354 946 1414 ad
961 1372 997 1414 ea
1011 1371 1109 1433 praes-

177 1451 275 1515 tenda
290 1469 360 1531 quae
380 1457 453 1511 suut
469 1451 597 1530 propria
617 1449 811 1530 singulorum
830 1452 1106 1525 sacramentorum,

177 1547 379 1608 sanctificans
388 1565 462 1606 vero
474 1563 543 1625 quae
558 1545 689 1607 interius
699 1545 860 1608 bominum
871 1546 1008 1606 animam
1019 1561 1110 1604 sanc-

177 1643 286 1706 tificat.
304 1643 378 1701 Haeo
393 1644 498 1702 autem
512 1641 716 1702 sanctificatio
733 1641 898 1719 dupliciter
911 1641 1044 1700 sumitur
1058 1639 1108 1700 vel

177 1743 331 1817 tanquam
345 1737 494 1796 transitus
508 1755 525 1796 a
539 1738 624 1797 statu
637 1735 757 1814 peccati
773 1736 813 1796 ad
828 1741 944 1796 statum
957 1733 1067 1814 gratiae
1078 1736 1109 1795 et

174 1833 316 1915 justitiae,
333 1833 383 1893 vel
401 1837 550 1912 tanquam
568 1832 718 1893 transitus
737 1849 756 1891 a
772 1832 884 1892 minori
899 1832 940 1892 ad
956 1830 1109 1910 majorem

177 1930 466 1992 sanctificationem.
490 1929 579 1990 Unde
601 1928 715 1990 dicitur
734 1929 837 2008 gratia
861 1928 959 2008 prima
980 1946 1050 2006 quae
1069 1925 1109 1986 do

176 2027 294 2107 injusto
314 2027 434 2106 justum
453 2025 537 2100 facit,
563 2025 665 2106 gratia
690 2043 764 2084 vero
789 2023 911 2084 secando
930 2041 1000 2102 quae
1020 2040 1111 2082 sanc-

176 2128 291 2182 tumet
310 2121 430 2200 justum
450 2121 623 2182 sanctificat
639 2122 669 2181 et
686 2121 838 2200 justificat
852 2119 893 2180 ad
913 2119 987 2179 huc.
1005 2116 1111 2179 Gratia

176 2217 281 2297 prime
295 2220 343 2277 est
356 2216 508 2277 terminus
523 2216 657 2299 duorum
670 2219 950 2288 sacramentorum,
962 2210 1110 2292 baptismi

177 2315 210 2373 et
223 2311 427 2389 poenitentia,
440 2329 509 2390 quae
520 2318 689 2391 propterea
703 2312 901 2370 sacramenta
914 2310 1110 2366 mortuorum

178 2408 337 2486 dicuntur.
355 2407 461 2468 Gratia
476 2406 616 2468 secunda
635 2405 758 2466 diverso
777 2401 872 2463 modo
892 2419 911 2462 a
929 2398 1041 2462 ceteris
1060 2417 1111 2460 sa-

178 2501 346 2563 cramentis
361 2502 553 2579 producitur.

218 2597 390 2658 character
410 2600 457 2658 est
478 2598 602 2676 signum
624 2594 784 2676 quoddam
801 2593 835 2652 in
853 2592 958 2653 anima
977 2591 1110 2669 impres-

177 2708 259 2766 sum,
281 2690 395 2750 saltem
413 2683 587 2769 peronam
608 2691 691 2750 hanc
712 2689 810 2750 vitam
830 2686 1008 2763 indelebile,
1026 2683 1110 2766 quod

178 2787 341 2850 hominem
369 2787 501 2848 collucet
528 2787 560 2846 in
593 2785 697 2864 aliquo
725 2784 921 2865 permanenti
949 2782 1050 2862 gradu
1078 2781 1111 2841 in

178 2885 328 2946 Ecclesia.
342 2885 415 2946 Tria
429 2888 501 2948 sunt
515 2887 712 2947 sacramenta
726 2902 796 2964 qnae
811 2883 852 2944 ad
867 2883 950 2942 hunc
965 2881 1110 2942 effectum

179 2980 419 3061 producendum
442 2981 638 3056 ordinantur,
663 2977 830 3059 baptimus
846 2995 907 3056 quo
933 2995 971 3036 ex
994 2972 1112 3035 infideli

146 3125 149 3130 .
178 3077 370 3139 christianus
389 3077 459 3156 quis
473 3077 616 3152 efficitur,
634 3074 829 3139 confirmatio
845 3090 907 3152 qua
922 3069 1112 3131 christianus

177 3176 214 3236 fit
240 3173 415 3253 perlectum
446 3172 521 3234 ordo
551 3191 612 3252 quo
637 3173 837 3251 magistratus
865 3166 1110 3228 constituuntur.

178 3273 253 3332 Haeo
265 3270 327 3330 trie
336 3275 544 3346 sacramenta,
555 3269 671 3349 qnippe
681 3267 722 3328 ad
733 3283 800 3328 esse
811 3281 999 3344 permanens
1008 3263 1108 3345 porri-

178 3371 309 3444 guntur,
325 3365 433 3427 iterari
447 3384 510 3428 uon
524 3369 665 3444 possunt.

220 3461 252 3520 3ο
268 3459 390 3520 Natura
402 3457 550 3520 relationis
564 3458 647 3519 inter
659 3455 827 3518 terminum
841 3454 996 3518 visibilem
1015 3458 1046 3514 et
1066 3451 1114 3512 in·

796 3552 811 3577 1
