2530 4016
180 273 237 332 344
385 281 719 330 rasnrmr1ounssua1s
741 281 896 330 aaronica.

179 447 274 492 nense
289 429 342 504 ΙΙΙ,
364 445 434 506 cap.
460 442 524 502 rex,
551 425 590 486 de
612 424 741 486 decimis
764 425 920 488 sancivit:
942 430 1014 489 uNe
1034 429 1108 492 laici

178 527 317 588 decimas
332 541 403 585 cum
422 524 599 584 animarum
621 521 759 601 periculo
781 523 956 586 detinentes
976 525 1008 586 in
1030 527 1108 590 alios

177 624 273 684 laicos
291 627 420 700 possent
440 620 545 699 aliquo
567 618 660 680 modo
681 619 870 693 transferre;
894 621 920 680 si
941 622 1010 700 quis
1031 641 1106 684 vero

177 717 356 796 recepisset,
388 720 418 778 et
445 733 508 775 non
532 713 729 792 reddidisset,
756 715 926 776 christiane
946 717 1107 795 sepultura

177 817 395 893 privaretur.»
420 811 483 874 Sed
504 811 564 872 hcc
585 810 747 872 decretum
770 827 832 872 non
855 810 914 874 fuit
932 814 1107 891 generatim

176 916 348 991 receptum,
362 914 393 969 et
404 928 423 968 e
434 909 602 970 canonistis
615 907 750 986 benigne
764 907 1002 990 interpretatum
1016 909 1105 988 quasi

176 1003 406 1084 possessoribus
433 1000 628 1061 deeimarum
655 1018 717 1062 non
745 1000 853 1062 liceret
879 1018 932 1061 eas
959 1002 1043 1063 ultra
1065 1001 1106 1062 ad

174 1100 271 1162 laicus
284 1097 464 1173 transferre,
480 1113 535 1156 seu
551 1095 641 1175 quasi
655 1113 752 1158 novas
767 1095 960 1159 decimarum
974 1099 1106 1176 acquisi·
1120 1140 1122 1145 -

174 1197 275 1257 tiones
289 1196 422 1271 vetaret,
446 1193 503 1254 sed
525 1193 720 1271 permitteret
743 1195 775 1253 et
796 1191 944 1254 toleraret
966 1193 1104 1257 decimas

176 1291 289 1372 quibus
304 1296 375 1353 actu
389 1289 461 1352 laici
475 1289 669 1351 fruebantur.

215 1389 278 1450 Sed
306 1386 457 1466 quidquid
486 1386 526 1446 sit
553 1385 592 1446 de
619 1384 886 1447 infeudationibus
912 1385 1002 1448 fectis
1029 1391 1102 1450 ante

174 1501 263 1544 cono.
280 1485 383 1544 Later.
400 1484 452 1558 ΙΙΙ,
468 1499 558 1550 novae
577 1479 806 1542 infeudationes
824 1481 920 1542 veluti
942 1481 1103 1544 alienatio-

173 1597 229 1640 nes
243 1580 399 1640 bunorum
421 1576 712 1653 ecelesiasticorum,
730 1577 796 1637 sine
820 1576 934 1639 debitis
956 1578 1103 1639 solemni-

172 1675 289 1736 tatibus
303 1679 335 1735 et
348 1673 450 1734 causis
464 1674 532 1733 llari
542 1673 676 1751 amplius
686 1689 748 1732 nan
757 1674 946 1751 potuerunt3
963 1677 995 1734 et
1008 1673 1101 1735 hodie

172 1768 439 1849 quemadmodum
458 1767 562 1829 caeteri
585 1770 765 1829 contractus
788 1767 983 1830 alienationis
1004 1769 1102 1830 bono·

171 1882 242 1926 rum
256 1863 550 1940 ecclesiasticorum,
567 1863 684 1925 cadunt
698 1864 756 1926 sub
776 1861 953 1928 interdicto.

262 2036 275 2082 ἐ
290 2029 323 2074 H.
339 2043 366 2074 llll
381 2041 459 2075 clusis
475 2033 638 2074 attentionis
654 2039 763 2074 BONORUM
778 2039 1011 2074 nccnnsrls‘rmoauu.

212 2156 291 2218 VIII.
307 2154 468 2234 Legitima
483 2171 586 2216 causae
601 2151 796 2215 alienationis
820 2153 976 2213 bonorum
1001 2153 1101 2214 ecole-

171 2251 368 2313 siasticurum
389 2250 597 2312 communiter
616 2255 680 2310 tres
699 2251 926 2310 recensentur:
949 2250 1101 2310 ltneoes-

170 2345 257 2421 sitas,
274 2345 447 2422 rutilitas,
463 2347 496 2406 3ο
510 2344 621 2423 pietas.

209 2439 383 2518 Necessitas,
409 2459 457 2502 ex.
481 2459 543 2520 gn,
573 2441 599 2500 si
626 2438 765 2500 Ecclesia
792 2442 878 2501 tanto
907 2457 969 2502 aere
998 2439 1099 2500 alieno

170 2536 283 2599 obruta
297 2536 347 2613 sit,
365 2541 400 2599 ut
413 2537 472 2598 soli
483 2537 640 2599 bonorum
656 2537 778 2602 fructae
794 2537 823 2596 ci
845 2553 908 2597 non
930 2534 1097 2610 sufficiant,

169 2632 218 2694 vel
232 2631 272 2692 de
287 2632 443 2694 bonorum
457 2633 610 2694 fructibus
625 2632 700 2695 satis
715 2650 778 2694 non
791 2632 918 2711 colligat
931 2630 1015 2691 unde
1036 2629 1098 2691 suis

169 2726 406 2788 necessitatibus
421 2729 562 2790 satisfiat.
580 2730 642 2791 Sed
653 2729 705 2809 jus
721 2728 914 2790 necessitatis
928 2728 1035 2790 stricte
1049 2745 1098 2787 su-

167 2820 318 2881 mendum
333 2823 390 2897 est,
403 2837 461 2880 nec
470 2821 594 2900 longius
608 2821 874 2902 progrediendum
883 2838 978 2900 quam
993 2838 1097 2882 neccs-

168 2918 242 2979 sitaa
257 2917 405 2995 postulat.
428 2919 510 2997 Ergo
529 2916 741 2995 incipiendum
761 2920 808 2978 est
821 2936 841 2977 a
858 2917 952 2978 rebus
974 2915 1097 2978 mobili-

167 3012 238 3088 bus,
252 3012 373 3091 quaed
388 3015 534 3072 ornatum
547 3011 782 3090 pertinentaut
795 3013 897 3084 minus
911 3009 1095 3072 neccssaria

167 3112 250 3184 sunt,
267 3126 325 3168 nec
345 3109 385 3168 ad
409 3111 593 3186 perpetuam
616 3108 837 3169 alienationem
859 3105 1095 3186 procedendum

167 3204 193 3262 si
215 3222 273 3281 per
294 3204 500 3280 locationem,
531 3205 838 3283 oppignerationem,
865 3195 1095 3283 emphyteusim

166 3296 216 3356 vel
231 3296 291 3356 alio
307 3298 400 3358 modo
416 3315 477 3376 quo
492 3298 576 3358 bona
589 3298 762 3359 immobilia
776 3301 928 3376 perpetuo
942 3315 1004 3358 non
1019 3295 1094 3357 alie-

166 3393 291 3462 nantur,
310 3391 400 3466 plena
414 3391 512 3469 possit
526 3391 683 3454 sublevari
698 3393 844 3455 Ecclesia
859 3393 1038 3454 necessitas.

209 3479 327 3544 Utilitas
340 3484 367 3542 si
382 3501 421 3544 ex
434 3483 620 3546 alienatione
641 3485 752 3550 melior
765 3488 821 3548 fiat
841 3487 977 3550 conditio
998 3485 1092 3566 patri·
