2530 4016
169 317 227 376 282
376 321 606 370 rusrrrurrouss
626 320 710 366 sunrs
732 318 889 365 chuonrat.

169 471 269 534 videri
289 474 397 550 posset
418 484 526 528 eorum
550 464 649 526 errori
671 464 856 540 connivere,
879 463 996 524 diutius
1018 464 1102 524 huno

169 569 359 630 Asianorum
386 581 507 624 morem
534 560 733 624 tolerandum
762 577 825 621 non
843 559 1008 640 judicarit.
1034 562 1101 622 Non

168 669 275 727 tamen
289 660 470 722 immediate
480 661 657 738 paruerunt
671 657 779 718 Asiani
792 656 955 718 sententiae
971 658 1007 717 R.
1021 659 1102 718 Pon-

168 759 279 830 tilicis3
297 755 351 816 sed
368 753 506 834 quadam
519 751 686 814 traditione
701 750 818 811 suffulti
834 768 930 830 quam
944 768 963 810 e
979 752 1100 813 Joanne

169 851 311 931 apostolo
325 847 521 926 repetebant,
539 852 574 907 ut
587 844 719 906 insolitis
733 843 872 906 moribus
886 842 1099 922 indulgerent,

169 951 201 1009 in
216 947 321 1027 plures
336 961 435 1004 annos
459 943 680 1021 protraxerunt
702 940 909 1001 dissentiones
928 945 959 1002 at
978 944 1100 1003 contro-

169 1044 288 1105 versiae
303 1041 404 1102 donec
419 1057 501 1100 anno
516 1038 627 1114 arcun
642 1035 774 1099 concilio
786 1036 923 1114 Nicaeno,
938 1053 1001 1115 pax
1014 1037 1101 1099 resti-

171 1143 240 1202 tuta
254 1142 302 1201 est
315 1138 374 1199 hoc
388 1136 493 1197 modo.

208 1237 376 1296 Decretum
390 1236 437 1297 est
457 1234 503 1309 ut,
520 1230 611 1312 juxta
634 1231 784 1290 Romanae
807 1229 956 1292 Ecclesia
972 1232 1102 1291 caetera-

169 1351 303 1413 rumqua
324 1330 529 1392 ecclesiarum
542 1327 754 1404 traditionem,
775 1326 972 1388 Resurrectio
987 1326 1101 1388 Christi

169 1425 292 1486 Domini
308 1441 378 1503 quae
406 1422 529 1483 Pascha
544 1419 675 1496 dicitur,
693 1419 907 1480 celebraretur
930 1419 981 1481 die
1004 1419 1100 1479 domi·

169 1521 240 1582 nica
254 1523 325 1598 post
339 1523 376 1580 lt
390 1520 509 1594 lunam,
527 1534 596 1596 quar
612 1515 660 1577 vol
675 1516 707 1576 in
730 1516 956 1595 aequinoctium
970 1533 1101 1577 vernum

169 1615 307 1691 caderet,
323 1615 374 1676 vel
387 1614 465 1676 illud
488 1613 629 1692 proxime
644 1612 891 1692 consequeritur.
909 1613 981 1672 Dies
996 1613 1100 1673 autem

168 1731 220 1778 xxr
235 1712 340 1774 martii
355 1712 502 1790 deinceps
523 1715 676 1790 tanquam
690 1710 869 1790 aequinoctii
887 1711 954 1772 dies
969 1711 1099 1772 habere·

167 1815 230 1886 tur,
247 1812 281 1869 ut
295 1807 397 1869 omnis
412 1823 482 1886 quae
498 1806 538 1868 ab
553 1807 770 1868 astronomicis
780 1807 954 1869 rationibus
969 1807 1008 1868 de
1023 1824 1098 1868 vere

168 1902 358 1985 aequinoctio
374 1902 448 1964 oriri
463 1906 569 1980 posset
582 1902 808 1979 controversia,
825 1909 1051 1965 removeretur.
1068 1967 1071 1972 ,

207 2003 249 2063 Ut
263 2002 370 2061 autem
383 1999 483 2060 omnis
499 1999 595 2059 etiem
611 1999 742 2078 quaestio
754 2003 970 2062 removeretur
984 2017 1053 2080 quae
1062 2019 1099 2060 ex

168 2093 255 2155 vario
270 2093 364 2155 modo
381 2093 584 2173 computandi
597 2091 785 2170 lunationes,
802 2111 857 2154 seu
872 2111 996 2154 menses
1008 2093 1098 2154 luna-

167 2208 229 2272 res,
247 2189 434 2269 illorumque
458 2188 526 2250 dies
544 2189 717 2266 oriebatur,
734 2207 860 2251 omnem
875 2190 957 2252 hanc
971 2206 1100 2269 compu-

167 2286 256 2348 tandi
270 2304 380 2348 curam
394 2285 560 2348 concilium
576 2285 743 2348 Nicoanum
762 2285 917 2348 commisit
938 2285 1098 2365 Episcopis

168 2383 379 2459 Alexandriae,
397 2381 450 2444 ubi
466 2385 717 2443 astronomorum
731 2368 888 2461 principes
912 2383 1097 2459 floruerunt,

167 2484 203 2539 ut
216 2479 355 2557 reliquos
370 2477 539 2558 episcopos
548 2477 677 2558 singulis
692 2479 781 2539 annis
796 2479 944 2540 certiores
960 2479 1099 2540 facerent

166 2570 206 2630 de
221 2571 376 2632 dominico
390 2571 440 2633 die
455 2590 517 2652 quo
531 2575 653 2635 Pascha
668 2573 821 2636 celebrari
835 2577 1005 2652 oporteret.

206 2665 281 2728 Inde
297 2663 386 2728 ortus
398 2671 444 2729 est
458 2686 526 2730 mos
540 2669 714 2732 litterarum
729 2688 785 2731 seu
800 2670 1004 2748 epistolarum
1023 2673 1099 2732 Pas-

165 2761 313 2838 chalium,
331 2779 401 2842 quae
416 2762 455 2824 de
470 2782 534 2824 una
546 2766 579 2826 in
594 2765 689 2831 aliam
703 2765 868 2828 aeclesiam
879 2765 1095 2842 mittebantur,

165 2863 196 2923 at
214 2858 393 2922 solemnitor
411 2859 443 2922 in
467 2859 597 2940 singulis
618 2861 853 2924 cathedralibus
878 2861 917 2922 ab
941 2861 1098 2924 archidia-

165 2973 243 3017 cono
258 2956 511 3035 publicabantur,
528 2957 582 3036 qui
606 2956 656 3017 die
671 2958 854 3046 Epiphaniae
879 2960 1002 3020 Pascha
1017 2959 1098 3019 indi-

164 3049 256 3111 cebat
280 3067 352 3112 cum
375 3051 520 3113 omnibus
540 3050 628 3112 festis
649 3051 817 3113 mobilibus
840 3052 916 3113 anni
941 3053 1095 3114 currentis

159 3145 250 3226 juxta
273 3146 440 3210 formulam
461 3165 556 3227 quam
583 3148 677 3210 hodie
698 3165 860 3211 servamus
883 3149 972 3212 initio
994 3148 1095 3211 tertiae

162 3243 261 3320 partis
275 3245 465 3306 Pontificalis
481 3245 626 3307 Romani.

202 3337 264 3398 Sed
286 3340 476 3419 computatio
497 3341 720 3418 Alexandrina,
738 3358 808 3421 quae
823 3340 950 3403 decreto
966 3340 1094 3404 Nicaenc

161 3433 229 3493 arat
241 3437 412 3512 sequenda,
430 3441 461 3500 et
470 3437 575 3518 magis
589 3439 752 3518 magisque
767 3438 895 3519 vulgata
916 3441 948 3501 et
969 3439 1093 3500 univer-

160 3527 233 3588 salis
255 3527 379 3591 reddita
398 3538 445 3594 est
460 3549 518 3610 per
540 3534 724 3612 Dionysium
745 3535 903 3614 Exiguum
926 3553 1008 3596 anno
1033 3538 1091 3597 525
