2476 4022
362 293 404 347 ou'
422 304 550 351 cercuro
570 307 661 364 roais
674 307 828 353 utrorum.
1019 293 1058 354 69

124 447 181 507 sed
205 451 280 508 tune
304 447 446 508 Ecclesia
466 447 533 508 visa
554 448 663 510 luisset
683 453 786 511 errata
809 449 980 529 corrigere3
1005 455 1060 510 aut

123 543 308 620 permittere
322 543 508 624 inaequalem
524 544 629 622 ritum,
650 545 705 606 sed
721 564 778 607 uec
797 547 939 608 solvisset
956 563 1059 626 quaes-

123 637 253 710 tionem,
270 653 329 696 nee
340 635 528 698 abstulisset
546 638 702 700 haereticis
722 641 918 701 occasionem
940 641 1058 721 discep-

123 731 213 792 tandi
227 719 266 792 et'
279 730 429 794 turbandi
446 733 565 794 fideles.
584 735 657 795 Sive
672 752 734 796 uno
756 736 821 796 sive
844 737 942 798 altero
964 738 1057 799 modo

124 827 192 888 risa
212 827 325 890 fuisset
345 827 560 889 obsecundare
576 825 675 890 errori
690 824 866 910 dogmatico
882 833 921 893 de
936 852 999 894 nou
1013 835 1058 894 in·

124 925 215 1002 tegra
232 921 400 998 praesentia
419 939 492 981 cum
510 939 572 1000 quo
584 921 799 1003 jungebantur
816 927 972 988 instantiis
992 928 1058 988 hee-

124 1017 306 1078 reticorum.
324 1017 430 1077 Potius
441 1017 530 1080 duxit
539 1018 689 1096 optimam
700 1021 885 1084 coufirrnare
895 1023 1057 1084 inductam

124 1109 344 1186 disciplinam,
374 1113 405 1172 et
432 1128 489 1188 per
515 1110 600 1190 leges
636 1111 762 1174 habere.
792 1115 943 1178 Prohcvit
969 1115 1055 1177 Trid.

123 1219 200 1263 sess.
218 1204 268 1278 st,
286 1219 355 1263 can.
371 1205 400 1262 2.
418 1203 488 1266 vid.
506 1203 624 1264 Bened.
641 1206 722 1268 XIV.

486 1397 632 1450 corloon.
650 1398 695 1448 lv.

333 1548 371 1588 DE
389 1547 602 1588 SACRAHENTO
625 1547 850 1588 POENITENTIAE.

163 1697 188 1756 l.
206 1695 278 1757 Vita
291 1691 547 1772 supemeturalis,
564 1709 634 1772 quae
654 1693 793 1754 nascitur
810 1711 867 1772 per
885 1695 1052 1772 baptisma,

123 1790 278 1853 adolescit
291 1793 322 1852 et
335 1787 501 1849 roboretur
515 1806 571 1866 per
591 1787 870 1866 confirmationem,
892 1791 1056 1869 saginatur

122 1906 183 1968 per
204 1884 444 1960 Eucharistiam,
471 1901 533 1945 non
562 1887 608 1945 est
635 1885 803 1946 christiano
831 1887 1053 1947 inamissibilis.

123 1988 204 2045 Nam
227 1984 254 2044 si
276 1981 437 2060 continget
457 1981 659 2042 christianum
681 1982 713 2042 in
735 1986 900 2061 peccatum
920 1982 1053 2061 prolabi,

123 2083 189 2142 vita
211 2081 291 2154 haec,
318 2079 344 2139 si
367 2078 489 2139 veniale
512 2077 616 2153 fuerit,
643 2082 834 2156 attenuatur,
860 2081 887 2140 si
910 2081 1053 2156 mortale,

124 2177 318 2257 extinguitur
331 2175 469 2235 omnino.
488 2175 590 2246 Quum
612 2192 686 2254 ergo
707 2175 862 2253 baptisma
884 2195 922 2236 ex
943 2177 1053 2238 Christ'

123 2273 318 2335 institutione
340 2270 449 2332 iterari
469 2273 615 2350 nequeat,
639 2274 694 2332 eut
715 2271 753 2331 de
774 2271 874 2332 salute
896 2272 1058 2334 christiani

123 2367 284 2448 peccantis
305 2364 386 2426 foret
409 2364 652 2444 desperandum,
676 2370 732 2428 aut
752 2363 836 2426 aliud
858 2365 997 2425 medium
1019 2385 1056 2426 ex

124 2462 340 2524 misericordie
362 2462 418 2521 Dei
446 2464 590 2540 peratum
618 2465 675 2536 est,
702 2478 763 2540 quo
788 2462 936 2523 emissam
960 2461 1056 2522 vitam

124 2560 222 2640 possit
235 2575 433 2636 recuperare.
454 2558 575 2618 Placuit
593 2557 818 2618 misericordiae
837 2559 893 2618 Dei
911 2558 971 2620 hoe
990 2575 1058 2616 rne-

125 2657 211 2718 dium
233 2654 446 2734 suppeditare,
472 2654 643 2734 praebendo
667 2649 849 2717 Christianis
873 2656 1056 2736 delinquen-

123 2753 205 2816 tibus
220 2751 415 2832 poenitentiae
429 2751 551 2824 locum;
572 2751 645 2826 imo,
668 2750 820 2813 elevando
840 2753 1057 2831 poenitentiam
1163 2765 1168 2774 ·

124 2850 162 2910 sd
176 2850 422 2922 sacramentum,
440 2846 524 2924 quod
540 2863 596 2906 nos
611 2852 843 2911 sacramentum
862 2849 1055 2927 poenitentia

123 2963 238 3008 vocare
258 2943 405 3019 solemus,
429 2940 545 3021 quain
561 2943 625 3002 rita
647 2944 801 3023 spirituali*
819 2944 963 3006 secundae
986 2947 1057 3022 post

124 3039 324 3120 naufragium
343 3037 458 3100 tabulae
477 3044 688 3117 comparatur.
762 3097 764 3100 ,

162 3140 204 3199 At
224 3137 338 3214 divinae
356 3135 485 3214 justitiae
500 3136 580 3197 ratio
596 3136 700 3216 (donc.
726 3139 776 3198 Tr.
801 3151 877 3195 sess.
901 3137 951 3195 lt.
974 3151 1001 3193 e.
1024 3133 1054 3212 8)

125 3235 227 3313 exegit
241 3237 276 3293 ut
290 3232 381 3293 aliter
394 3233 608 3310 reciperentur
620 3234 652 3292 in
667 3233 803 3311 gretiam
817 3229 959 3322 quiante
974 3231 1055 3312 bop-

124 3329 217 3390 osma
231 3347 289 3407 per
302 3328 512 3406 ignorantiam
532 3327 745 3408 deliquissent,
769 3323 860 3388 aliter
879 3327 934 3406 qui
952 3343 1057 3407 epec-

125 3425 200 3486 catis
222 3429 254 3487 et
275 3422 427 3485 doemonis
449 3425 598 3486 servitute
618 3422 752 3498 liberati,
779 3427 811 3482 et
832 3429 962 3502 eccepto
987 3423 1055 3501 Spi-

126 3520 239 3597 ritus.
265 3519 360 3596 dono,
384 3518 528 3596 scientes,
550 3518 702 3597 templum
723 3519 780 3580 Dei
797 3518 915 3582 violare
939 3522 970 3580 et
992 3518 1056 3596 spi-
