2476 4022
321 327 322 331 ,
381 284 420 328 on
442 281 569 330 caruero
589 285 672 330 rums
693 284 848 332 carosum.
1040 269 1079 330 53

155 432 235 508 lium,
257 428 375 510 quibua
390 433 494 490 certus
511 427 654 509 fixusque
675 427 852 509 assignatus
872 432 919 493 cst
938 429 1026 492 loeus
1046 429 1078 490 in

154 530 293 592 domibus
307 531 458 608 ipsorum,
470 529 600 605 possunt
609 526 714 606 plures
725 525 863 606 quotidie
878 527 980 590 missa
996 527 1080 588 cele-

151 627 232 690 brari
252 628 347 690 etiam
367 643 387 686 a
407 622 622 685 sacerdotibus
642 622 695 702 qui
714 639 777 682 non
798 625 871 684 sunt
890 641 928 683 ex
946 624 1076 702 familia,

149 725 221 787 licet
240 724 406 802 episcopus
427 719 476 781 vel
497 718 667 780 cardinalis
681 717 783 796 absit3
807 716 933 798 quique,
957 721 1078 783 etiamsi

149 822 187 884 de
207 821 327 882 familia
346 817 479 893 nonsit,
503 814 614 876 diebus
637 813 723 877 festis
746 813 790 874 ihi
810 813 936 876 Missam
958 817 1076 893 audiat,

150 917 359 980 ecclesiastico
379 914 537 993 precepto
556 908 716 973 satisfecit.
734 909 880 990 Episcopi
898 928 985 988 vero,
1005 912 1079 974 licet
1107 941 1116 958 ·

22 1005 23 1016 ¹
150 1011 285 1074 habeant
299 1006 570 1098 hocprivilegium
583 1023 639 1086 pro
654 1025 699 1082 se,
712 1024 775 1067 nou
785 1013 915 1087 possunt
925 1008 993 1070 aliis
1004 1026 1078 1087 sup-

149 1108 299 1185 peditare.
328 1104 406 1166 Huio
434 1103 517 1165 enim
542 1101 605 1181 juri
629 1103 814 1182 derogatum
839 1105 886 1166 est
908 1122 965 1183 per
988 1105 1074 1169 Trid.

149 1221 222 1264 sess.
239 1206 288 1278 22,
305 1202 337 1262 in
351 1201 477 1260 decreto
492 1197 531 1258 de
545 1197 681 1259 vitandis
691 1200 724 1258 et
733 1198 937 1261 observandis
950 1201 982 1261 in
998 1202 1078 1262 cele-

148 1299 289 1362 bratioue
304 1295 404 1358 Missa
418 1293 510 1374 juxta
527 1292 772 1354 declarationem
791 1294 862 1374 (lgr.
880 1297 973 1359 Gono.
995 1299 1078 1377 epis-

149 1397 233 1474 copis
259 1393 348 1473 jussu
376 1389 513 1452 Pauli-v
537 1385 756 1468 significatam.
783 1390 874 1454 Unde
898 1392 959 1452 boc
982 1392 1077 1470 priui-

147 1490 262 1570 legium
282 1489 322 1549 ad
346 1504 441 1548 unam
465 1485 578 1546 Sedena
601 1487 710 1563 Apost.
735 1488 857 1564 spectat
881 1487 1075 1549 concedendi

148 1582 339 1644 facultatem.
603 1593 605 1597 ·

286 1758 333 1824 Ill.
346 1759 377 1804 lto
388 1769 413 1801 eo
424 1757 459 1800 cui
468 1756 505 1812 jur
517 1755 634 1810 celebrare,
649 1759 671 1800 et
684 1767 727 1812 quo
739 1758 783 1802 ritu
794 1758 956 1804 celebrandum,

185 1869 265 1931 vill.
290 1865 377 1927 Licet
400 1880 509 1926 omues
532 1861 710 1924 sacerdotes
736 1881 791 1924 seu
814 1867 989 1946 presbytori
1014 1867 1076 1930 sint

145 1965 249 2027 idonei
268 1957 401 2024 ministri
419 1957 562 2020 sacrificii
582 1957 790 2038 eucharistici,
808 1963 1002 2045 proindeque
1020 1983 1076 2026 va-

145 2061 205 2124 lide
220 2059 381 2122 celebrent
394 2055 515 2137 quoties
530 2054 701 2132 celebrant,
714 2059 820 2118 tamen
831 2077 894 2121 non
903 2078 1011 2122 omnes
1023 2061 1076 2142 jus

146 2157 263 2219 habent
278 2152 468 2216 celebrandi.
484 2151 553 2211 Nou
565 2150 678 2231 loquor
691 2151 742 2212 hic
757 2153 797 2214 de
814 2156 926 2217 morati
938 2148 1078 2237 indigni-

144 2257 206 2316 tate
221 2249 366 2326 ministri,
384 2266 446 2330 qua
457 2246 529 2328 jure
544 2246 650 2307 divino
666 2253 845 2307 removetur
864 2249 904 2309 ab
919 2251 1014 2331 hujus
1028 2272 1076 2314 sa·

145 2335 251 2410 criticii
267 2344 489 2420 celebratione,
504 2361 543 2404 ne
563 2359 596 2402 se
615 2341 734 2421 polluat
753 2341 916 2422 sacrilegio
941 2364 948 2404 :
969 2345 1037 2408 haec
1057 2367 1077 2410 a

144 2443 304 2524 theologia
316 2441 540 2515 consideretur.
563 2438 626 2499 Sed
639 2439 753 2518 loquor
767 2439 806 2500 de
822 2438 1076 2520 disciplinaribus

144 2541 291 2604 Ecclesia
306 2533 572 2616 dispositionibus,
590 2549 627 2594 ex
645 2535 758 2614 quibus
771 2535 1021 2616 independenter
1035 2539 1075 2599 ab

145 2637 274 2698 internis
292 2632 425 2695 ministri
447 2623 717 2711 dispositionibus,
735 2632 774 2692 ab
795 2632 886 2696 altari
905 2633 955 2694 hic
972 2652 1076 2695 remo·

145 2734 243 2794 votur.
276 2732 354 2790 Nam
381 2729 454 2808 licet
477 2727 582 2788 valida
608 2728 878 2790 sacramentorum
906 2729 1074 2792 celebratio

145 2827 295 2888 consistat
305 2825 376 2906 juro
387 2825 505 2900 divino,
521 2811 607 2884 licita
621 2826 725 2884 tamen
740 2825 923 2886 eorumdem
938 2826 1075 2886 celebra-

144 2922 186 2983 tio
207 2923 248 2984 ab
270 2921 417 2983 Ecclesia
439 2919 603 2998 disciplina
624 2919 718 2980 debet
739 2920 905 2982 moderari.
931 2920 979 2980 Illi
1000 2937 1074 3000 ergo

145 3020 198 3100 qui
211 3019 358 3082 Ecclesia
369 3020 519 3098 presunt,
532 3020 564 3078 et
578 3017 636 3096 ipsi
651 3019 855 3080 moderantur
865 3023 1074 3080 sacramento-

144 3137 213 3179 rum
228 3117 542 3180 administrationem.

183 3216 382 3293 Quapropter
391 3212 456 3274 sire
466 3213 586 3274 ratione
597 3231 699 3292 poenae
710 3213 881 3288 canonica,
899 3211 964 3273 sive
980 3215 1076 3274 etiam

146 3309 211 3370 aliis
229 3308 377 3388 legitimis
390 3295 435 3370 ¹de
456 3309 570 3385 causis,
586 3314 718 3388 possunt
735 3307 888 3386 impedire
908 3309 1075 3387 quominus

146 3403 291 3466 sacerdos
306 3402 453 3466 celebret.
470 3405 509 3467 Et
523 3402 650 3483 quidem
664 3401 773 3480 primis
793 3400 939 3464 Ecclesiae
953 3406 1076 3480 tempo-

148 3499 231 3562 ribus
244 3499 363 3575 scimus
371 3500 572 3580 presbyteros
582 3497 704 3560 nonnisi
716 3498 765 3560 vel
779 3499 979 3578 permittente
994 3499 1075 3576 epis-
