<?xml version="1.0" encoding="UTF-8"?>
<!DOCTYPE html PUBLIC "-//W3C//DTD XHTML 1.0 Transitional//EN"
    "http://www.w3.org/TR/xhtml1/DTD/xhtml1-transitional.dtd">
<html xmlns="http://www.w3.org/1999/xhtml" xml:lang="en" lang="en">
 <head>
  <title>
</title>
<meta http-equiv="Content-Type" content="text/html;charset=utf-8" />
  <meta name='ocr-system' content='tesseract 3.04.00' />
  <meta name='ocr-capabilities' content='ocr_page ocr_carea ocr_par ocr_line ocrx_word'/>
</head>
<body>
  <div class='ocr_page' id='page_1' title='image "./institutionesju00marigoog_0346.png"; bbox 0 0 2530 4016; ppageno 0'>
   <div class='ocr_carea' id='block_1_1' title="bbox 376 303 1077 364">
    <p class='ocr_par' dir='ltr' id='par_1_1' title="bbox 376 303 1077 364">
     <span class='ocr_line' id='line_1_1' title="bbox 376 303 1077 364; baseline -0.003 -1"><span class='ocrx_word' id='word_1_1' title='bbox 376 319 414 363; x_wconf 87' lang='lat' dir='ltr'>ns</span> <span class='ocrx_word' id='word_1_2' title='bbox 436 316 566 364; x_wconf 78' lang='lat' dir='ltr'>cessero</span> <span class='ocrx_word' id='word_1_3' title='bbox 587 315 670 362; x_wconf 81' lang='lat' dir='ltr'>runis</span> <span class='ocrx_word' id='word_1_4' title='bbox 691 313 847 361; x_wconf 78' lang='lat' dir='ltr'>senonici.</span> <span class='ocrx_word' id='word_1_5' title='bbox 1019 303 1077 362; x_wconf 85' lang='grc'>339</span> 
     </span>
    </p>
   </div>
   <div class='ocr_carea' id='block_1_2' title="bbox 146 457 1088 3598">
    <p class='ocr_par' dir='ltr' id='par_1_2' title="bbox 146 457 1082 1213">
     <span class='ocr_line' id='line_1_2' title="bbox 186 457 1079 539; baseline -0.004 -14"><span class='ocrx_word' id='word_1_6' title='bbox 186 465 281 526; x_wconf 75' lang='lat' dir='ltr'>haesis</span> <span class='ocrx_word' id='word_1_7' title='bbox 295 462 378 524; x_wconf 83' lang='lat' dir='ltr'>ultra</span> <span class='ocrx_word' id='word_1_8' title='bbox 392 460 557 522; x_wconf 89' lang='lat' dir='ltr'>dimidium</span> <span class='ocrx_word' id='word_1_9' title='bbox 568 458 646 539; x_wconf 84' lang='lat' dir='ltr'>justi</span> <span class='ocrx_word' id='word_1_10' title='bbox 655 458 805 538; x_wconf 90' lang='lat' dir='ltr'>competit</span> <span class='ocrx_word' id='word_1_11' title='bbox 815 457 868 538; x_wconf 85' lang='lat' dir='ltr'>jus</span> <span class='ocrx_word' id='word_1_12' title='bbox 878 459 1079 521; x_wconf 78' lang='lat' dir='ltr'>rescindendi</span> 
     </span>
     <span class='ocr_line' id='line_1_3' title="bbox 146 551 1078 633; baseline -0.008 -11"><span class='ocrx_word' id='word_1_13' title='bbox 146 559 353 633; x_wconf 86' lang='lat' dir='ltr'>contractum,</span> <span class='ocrx_word' id='word_1_14' title='bbox 365 554 508 617; x_wconf 87' lang='lat' dir='ltr'>restituto</span> <span class='ocrx_word' id='word_1_15' title='bbox 523 553 635 632; x_wconf 89' lang='lat' dir='ltr'>pretio,</span> <span class='ocrx_word' id='word_1_16' title='bbox 648 558 703 613; x_wconf 89' lang='lat' dir='ltr'>aut</span> <span class='ocrx_word' id='word_1_17' title='bbox 709 551 762 632; x_wconf 90' lang='lat' dir='ltr'>jus</span> <span class='ocrx_word' id='word_1_18' title='bbox 772 551 944 630; x_wconf 87' lang='lat' dir='ltr'>recipiendi</span> <span class='ocrx_word' id='word_1_19' title='bbox 952 551 985 612; x_wconf 91' lang='lat' dir='ltr'>id</span> <span class='ocrx_word' id='word_1_20' title='bbox 994 555 1078 632; x_wconf 86' lang='lat' dir='ltr'>quod</span> 
     </span>
     <span class='ocr_line' id='line_1_4' title="bbox 146 648 1079 732; baseline -0.006 -16"><span class='ocrx_word' id='word_1_21' title='bbox 146 657 235 717; x_wconf 88' lang='lat' dir='ltr'>deest</span> <span class='ocrx_word' id='word_1_22' title='bbox 247 653 297 715; x_wconf 91' lang='lat' dir='ltr'>vel</span> <span class='ocrx_word' id='word_1_23' title='bbox 317 652 401 732; x_wconf 88' lang='lat' dir='ltr'>quod</span> <span class='ocrx_word' id='word_1_24' title='bbox 424 650 546 711; x_wconf 79' lang='lat' dir='ltr'>excedit</span> <span class='ocrx_word' id='word_1_25' title='bbox 563 648 685 729; x_wconf 88' lang='lat' dir='ltr'>justum</span> <span class='ocrx_word' id='word_1_26' title='bbox 707 649 853 728; x_wconf 91' lang='lat' dir='ltr'>pretium.</span> <span class='ocrx_word' id='word_1_27' title='bbox 878 648 975 709; x_wconf 85' lang='lat' dir='ltr'>Laesis</span> <span class='ocrx_word' id='word_1_28' title='bbox 998 649 1079 710; x_wconf 84' lang='lat' dir='ltr'>infre</span> 
     </span>
     <span class='ocr_line' id='line_1_5' title="bbox 148 743 1079 820; baseline -0.005 -7"><span class='ocrx_word' id='word_1_29' title='bbox 148 749 312 813; x_wconf 91' lang='lat' dir='ltr'>dimidium</span> <span class='ocrx_word' id='word_1_30' title='bbox 333 767 395 809; x_wconf 91' lang='lat' dir='ltr'>non</span> <span class='ocrx_word' id='word_1_31' title='bbox 420 747 513 810; x_wconf 86' lang='lat' dir='ltr'>datur</span> <span class='ocrx_word' id='word_1_32' title='bbox 534 747 616 808; x_wconf 89' lang='lat' dir='ltr'>aetio</span> <span class='ocrx_word' id='word_1_33' title='bbox 639 763 697 805; x_wconf 89' lang='lat' dir='ltr'>neo</span> <span class='ocrx_word' id='word_1_34' title='bbox 721 743 760 805; x_wconf 91' lang='lat' dir='ltr'>ad</span> <span class='ocrx_word' id='word_1_35' title='bbox 776 743 1004 820; x_wconf 87' lang='lat' dir='ltr'>rescissionem,</span> <span class='ocrx_word' id='word_1_36' title='bbox 1021 763 1079 808; x_wconf 90' lang='lat' dir='ltr'>nec</span> 
     </span>
     <span class='ocr_line' id='line_1_6' title="bbox 147 839 1075 925; baseline -0.004 -18"><span class='ocrx_word' id='word_1_37' title='bbox 147 845 401 925; x_wconf 84' lang='lat' dir='ltr'>supplementum</span> <span class='ocrx_word' id='word_1_38' title='bbox 421 843 453 902; x_wconf 93' lang='lat' dir='ltr'>in</span> <span class='ocrx_word' id='word_1_39' title='bbox 475 841 543 902; x_wconf 86' lang='lat' dir='ltr'>foro</span> <span class='ocrx_word' id='word_1_40' title='bbox 568 844 708 916; x_wconf 86' lang='lat' dir='ltr'>externo,</span> <span class='ocrx_word' id='word_1_41' title='bbox 734 839 775 900; x_wconf 94' lang='lat' dir='ltr'>ad</span> <span class='ocrx_word' id='word_1_42' title='bbox 790 839 978 901; x_wconf 89' lang='lat' dir='ltr'>avertendas</span> <span class='ocrx_word' id='word_1_43' title='bbox 992 839 1075 915; x_wconf 90' lang='lat' dir='ltr'>lites;</span> 
     </span>
     <span class='ocr_line' id='line_1_7' title="bbox 147 929 1080 1009; baseline -0.005 -6"><span class='ocrx_word' id='word_1_44' title='bbox 147 941 203 1003; x_wconf 90' lang='lat' dir='ltr'>sed</span> <span class='ocrx_word' id='word_1_45' title='bbox 230 938 371 1002; x_wconf 78' lang='lat' dir='ltr'>Ecclesia</span> <span class='ocrx_word' id='word_1_46' title='bbox 398 937 520 1001; x_wconf 87' lang='lat' dir='ltr'>etiamsi</span> <span class='ocrx_word' id='word_1_47' title='bbox 547 938 623 998; x_wconf 87' lang='lat' dir='ltr'>laesa</span> <span class='ocrx_word' id='word_1_48' title='bbox 650 937 690 997; x_wconf 86' lang='lat' dir='ltr'>ait</span> <span class='ocrx_word' id='word_1_49' title='bbox 715 936 798 997; x_wconf 82' lang='lat' dir='ltr'>infra</span> <span class='ocrx_word' id='word_1_50' title='bbox 832 929 1015 1009; x_wconf 88' lang='lat' dir='ltr'>dimidium,</span> <span class='ocrx_word' id='word_1_51' title='bbox 1039 937 1080 998; x_wconf 89' lang='lat' dir='ltr'>sd</span> 
     </span>
     <span class='ocr_line' id='line_1_8' title="bbox 147 1031 1082 1116; baseline -0.006 -17"><span class='ocrx_word' id='word_1_52' title='bbox 147 1039 246 1099; x_wconf 88' lang='lat' dir='ltr'>instar</span> <span class='ocrx_word' id='word_1_53' title='bbox 265 1037 423 1116; x_wconf 84' lang='lat' dir='ltr'>minorum</span> <span class='ocrx_word' id='word_1_54' title='bbox 442 1033 540 1095; x_wconf 86' lang='lat' dir='ltr'>habet</span> <span class='ocrx_word' id='word_1_55' title='bbox 559 1032 750 1094; x_wconf 88' lang='lat' dir='ltr'>beneficium</span> <span class='ocrx_word' id='word_1_56' title='bbox 768 1031 973 1094; x_wconf 63' lang='lat' dir='ltr'>restitutionis</span> <span class='ocrx_word' id='word_1_57' title='bbox 986 1034 1018 1092; x_wconf 93' lang='lat' dir='ltr'>in</span> <span class='ocrx_word' id='word_1_58' title='bbox 1032 1034 1082 1093; x_wconf 90' lang='lat' dir='ltr'>in-</span> 
     </span>
     <span class='ocr_line' id='line_1_9' title="bbox 147 1129 1010 1213; baseline -0.003 -18"><span class='ocrx_word' id='word_1_59' title='bbox 147 1137 283 1213; x_wconf 82' lang='lat' dir='ltr'>tegrum,</span> <span class='ocrx_word' id='word_1_60' title='bbox 300 1134 331 1193; x_wconf 89' lang='lat' dir='ltr'>et</span> <span class='ocrx_word' id='word_1_61' title='bbox 344 1129 389 1192; x_wconf 89' lang='lat' dir='ltr'>ita</span> <span class='ocrx_word' id='word_1_62' title='bbox 405 1131 462 1190; x_wconf 89' lang='lat' dir='ltr'>hee</span> <span class='ocrx_word' id='word_1_63' title='bbox 477 1129 539 1190; x_wconf 89' lang='lat' dir='ltr'>alia</span> <span class='ocrx_word' id='word_1_64' title='bbox 553 1129 605 1190; x_wconf 89' lang='lat' dir='ltr'>via</span> <span class='ocrx_word' id='word_1_65' title='bbox 618 1131 722 1206; x_wconf 87' lang='lat' dir='ltr'>potest</span> <span class='ocrx_word' id='word_1_66' title='bbox 732 1129 785 1208; x_wconf 86' lang='lat' dir='ltr'>jus</span> <span class='ocrx_word' id='word_1_67' title='bbox 799 1147 891 1188; x_wconf 86' lang='lat' dir='ltr'>suum</span> <span class='ocrx_word' id='word_1_68' title='bbox 905 1131 1010 1192; x_wconf 89' lang='lat' dir='ltr'>tutari.</span> 
     </span>
    </p>

    <p class='ocr_par' dir='ltr' id='par_1_3' title="bbox 147 1222 1083 1672">
     <span class='ocr_line' id='line_1_10' title="bbox 187 1222 1082 1306; baseline -0.002 -18"><span class='ocrx_word' id='word_1_69' title='bbox 187 1227 369 1306; x_wconf 80' lang='lat' dir='ltr'>Emptiones</span> <span class='ocrx_word' id='word_1_70' title='bbox 387 1225 583 1288; x_wconf 75' lang='lat' dir='ltr'>venditiones</span> <span class='ocrx_word' id='word_1_71' title='bbox 605 1241 678 1285; x_wconf 90' lang='lat' dir='ltr'>cum</span> <span class='ocrx_word' id='word_1_72' title='bbox 691 1227 784 1302; x_wconf 88' lang='lat' dir='ltr'>paeto</span> <span class='ocrx_word' id='word_1_73' title='bbox 799 1222 976 1285; x_wconf 88' lang='lat' dir='ltr'>redimendi</span> <span class='ocrx_word' id='word_1_74' title='bbox 990 1243 1082 1305; x_wconf 85' lang='lat' dir='ltr'>aequa</span> 
     </span>
     <span class='ocr_line' id='line_1_11' title="bbox 147 1319 1082 1404; baseline -0.006 -16"><span class='ocrx_word' id='word_1_75' title='bbox 147 1328 237 1388; x_wconf 88' lang='lat' dir='ltr'>lanea</span> <span class='ocrx_word' id='word_1_76' title='bbox 259 1322 430 1404; x_wconf 74' lang='lat' dir='ltr'>pensandae</span> <span class='ocrx_word' id='word_1_77' title='bbox 445 1325 529 1398; x_wconf 90' lang='lat' dir='ltr'>sunt,</span> <span class='ocrx_word' id='word_1_78' title='bbox 546 1339 585 1381; x_wconf 92' lang='lat' dir='ltr'>ne</span> <span class='ocrx_word' id='word_1_79' title='bbox 606 1319 768 1382; x_wconf 88' lang='lat' dir='ltr'>involvant</span> <span class='ocrx_word' id='word_1_80' title='bbox 789 1323 986 1382; x_wconf 87' lang='lat' dir='ltr'>contractum</span> <span class='ocrx_word' id='word_1_81' title='bbox 1007 1340 1082 1382; x_wconf 90' lang='lat' dir='ltr'>usu·</span> 
     </span>
     <span class='ocr_line' id='line_1_12' title="bbox 149 1417 1078 1499; baseline -0.002 -16"><span class='ocrx_word' id='word_1_82' title='bbox 149 1423 279 1497; x_wconf 78' lang='lat' dir='ltr'>serium,</span> <span class='ocrx_word' id='word_1_83' title='bbox 296 1419 382 1499; x_wconf 86' lang='lat' dir='ltr'>quod</span> <span class='ocrx_word' id='word_1_84' title='bbox 396 1418 437 1480; x_wconf 89' lang='lat' dir='ltr'>ab</span> <span class='ocrx_word' id='word_1_85' title='bbox 450 1418 591 1480; x_wconf 77' lang='lat' dir='ltr'>Ecclesia</span> <span class='ocrx_word' id='word_1_86' title='bbox 605 1417 778 1496; x_wconf 81' lang='lat' dir='ltr'>presertim</span> <span class='ocrx_word' id='word_1_87' title='bbox 789 1417 883 1480; x_wconf 89' lang='lat' dir='ltr'>dehet</span> <span class='ocrx_word' id='word_1_88' title='bbox 895 1420 1078 1497; x_wconf 83' lang='lat' dir='ltr'>praecaveri.</span> 
     </span>
     <span class='ocr_line' id='line_1_13' title="bbox 149 1511 1083 1594; baseline -0.005 -16"><span class='ocrx_word' id='word_1_89' title='bbox 149 1518 206 1578; x_wconf 80' lang='lat' dir='ltr'>Ex.</span> <span class='ocrx_word' id='word_1_90' title='bbox 235 1533 284 1594; x_wconf 86' lang='lat' dir='ltr'>gr.</span> <span class='ocrx_word' id='word_1_91' title='bbox 313 1513 340 1574; x_wconf 91' lang='lat' dir='ltr'>si</span> <span class='ocrx_word' id='word_1_92' title='bbox 366 1511 480 1594; x_wconf 86' lang='lat' dir='ltr'>muj0ri</span> <span class='ocrx_word' id='word_1_93' title='bbox 506 1511 608 1592; x_wconf 88' lang='lat' dir='ltr'>pretio</span> <span class='ocrx_word' id='word_1_94' title='bbox 630 1511 860 1589; x_wconf 87' lang='lat' dir='ltr'>redimendum,</span> <span class='ocrx_word' id='word_1_95' title='bbox 885 1512 912 1574; x_wconf 91' lang='lat' dir='ltr'>si</span> <span class='ocrx_word' id='word_1_96' title='bbox 935 1512 1083 1574; x_wconf 89' lang='lat' dir='ltr'>modieis·</span> 
     </span>
     <span class='ocr_line' id='line_1_14' title="bbox 151 1599 652 1672; baseline -0.006 0"><span class='ocrx_word' id='word_1_97' title='bbox 151 1611 275 1672; x_wconf 88' lang='lat' dir='ltr'>simum.</span> <span class='ocrx_word' id='word_1_98' title='bbox 650 1599 652 1603; x_wconf 61' lang='grc'><strong>’</strong></span> 
     </span>
    </p>

    <p class='ocr_par' dir='ltr' id='par_1_4' title="bbox 150 1699 1084 2258">
     <span class='ocr_line' id='line_1_15' title="bbox 192 1699 1083 1781; baseline 0.001 -18"><span class='ocrx_word' id='word_1_99' title='bbox 192 1700 312 1763; x_wconf 89' lang='lat' dir='ltr'>Deinde</span> <span class='ocrx_word' id='word_1_100' title='bbox 334 1700 560 1763; x_wconf 87' lang='lat' dir='ltr'>retrovenditio</span> <span class='ocrx_word' id='word_1_101' title='bbox 585 1718 656 1762; x_wconf 90' lang='lat' dir='ltr'>cum</span> <span class='ocrx_word' id='word_1_102' title='bbox 677 1701 718 1760; x_wconf 89' lang='lat' dir='ltr'>sit</span> <span class='ocrx_word' id='word_1_103' title='bbox 736 1699 976 1779; x_wconf 79' lang='lat' dir='ltr'>implementum</span> <span class='ocrx_word' id='word_1_104' title='bbox 999 1704 1083 1781; x_wconf 87' lang='lat' dir='ltr'>pacti</span> 
     </span>
     <span class='ocr_line' id='line_1_16' title="bbox 151 1790 1084 1873; baseline -0.001 -16"><span class='ocrx_word' id='word_1_105' title='bbox 151 1792 267 1873; x_wconf 83' lang='lat' dir='ltr'>adjecti</span> <span class='ocrx_word' id='word_1_106' title='bbox 285 1792 318 1853; x_wconf 94' lang='lat' dir='ltr'>in</span> <span class='ocrx_word' id='word_1_107' title='bbox 337 1790 529 1870; x_wconf 86' lang='lat' dir='ltr'>venditione,</span> <span class='ocrx_word' id='word_1_108' title='bbox 547 1796 578 1855; x_wconf 91' lang='lat' dir='ltr'>et</span> <span class='ocrx_word' id='word_1_109' title='bbox 596 1809 660 1853; x_wconf 88' lang='lat' dir='ltr'>non</span> <span class='ocrx_word' id='word_1_110' title='bbox 679 1795 726 1854; x_wconf 86' lang='lat' dir='ltr'>est</span> <span class='ocrx_word' id='word_1_111' title='bbox 745 1810 846 1855; x_wconf 90' lang='lat' dir='ltr'>novus</span> <span class='ocrx_word' id='word_1_112' title='bbox 864 1797 895 1856; x_wconf 90' lang='lat' dir='ltr'>et</span> <span class='ocrx_word' id='word_1_113' title='bbox 913 1793 994 1856; x_wconf 88' lang='lat' dir='ltr'>liber</span> <span class='ocrx_word' id='word_1_114' title='bbox 1007 1813 1084 1857; x_wconf 91' lang='lat' dir='ltr'>eon-</span> 
     </span>
     <span class='ocr_line' id='line_1_17' title="bbox 152 1885 1083 1968; baseline 0 -16"><span class='ocrx_word' id='word_1_115' title='bbox 152 1891 282 1964; x_wconf 86' lang='lat' dir='ltr'>traotus‚</span> <span class='ocrx_word' id='word_1_116' title='bbox 296 1886 387 1968; x_wconf 83' lang='lat' dir='ltr'>juxta</span> <span class='ocrx_word' id='word_1_117' title='bbox 400 1887 608 1967; x_wconf 88' lang='lat' dir='ltr'>plurimorum</span> <span class='ocrx_word' id='word_1_118' title='bbox 622 1885 821 1965; x_wconf 80' lang='lat' dir='ltr'>sententiam,</span> <span class='ocrx_word' id='word_1_119' title='bbox 842 1889 884 1950; x_wconf 87' lang='lat' dir='ltr'>od</span> <span class='ocrx_word' id='word_1_120' title='bbox 904 1889 1006 1968; x_wconf 83' lang='lat' dir='ltr'>ipsam</span> <span class='ocrx_word' id='word_1_121' title='bbox 1019 1908 1083 1952; x_wconf 93' lang='lat' dir='ltr'>non</span> 
     </span>
     <span class='ocr_line' id='line_1_18' title="bbox 150 1985 1083 2066; baseline 0.001 -20"><span class='ocrx_word' id='word_1_122' title='bbox 150 1987 354 2066; x_wconf 86' lang='lat' dir='ltr'>requiruntur</span> <span class='ocrx_word' id='word_1_123' title='bbox 367 1985 579 2048; x_wconf 78' lang='lat' dir='ltr'>solemnitates</span> <span class='ocrx_word' id='word_1_124' title='bbox 589 1985 809 2047; x_wconf 83' lang='lat' dir='ltr'>venditionum</span> <span class='ocrx_word' id='word_1_125' title='bbox 817 1985 974 2047; x_wconf 89' lang='lat' dir='ltr'>bonorum</span> <span class='ocrx_word' id='word_1_126' title='bbox 985 1987 1083 2047; x_wconf 66' lang='lat' dir='ltr'>eecless</span> 
     </span>
     <span class='ocr_line' id='line_1_19' title="bbox 151 2081 1083 2163; baseline 0.001 -19"><span class='ocrx_word' id='word_1_127' title='bbox 151 2083 358 2158; x_wconf 88' lang='lat' dir='ltr'>siasticorum‚</span> <span class='ocrx_word' id='word_1_128' title='bbox 388 2087 461 2143; x_wconf 88' lang='lat' dir='ltr'>enm</span> <span class='ocrx_word' id='word_1_129' title='bbox 484 2081 556 2162; x_wconf 84' lang='lat' dir='ltr'>jure</span> <span class='ocrx_word' id='word_1_130' title='bbox 584 2083 693 2163; x_wconf 82' lang='lat' dir='ltr'>positae</span> <span class='ocrx_word' id='word_1_131' title='bbox 721 2081 838 2144; x_wconf 82' lang='lat' dir='ltr'>tuerint</span> <span class='ocrx_word' id='word_1_132' title='bbox 864 2082 897 2142; x_wconf 92' lang='lat' dir='ltr'>in</span> <span class='ocrx_word' id='word_1_133' title='bbox 920 2084 1083 2145; x_wconf 87' lang='lat' dir='ltr'>contractu</span> 
     </span>
     <span class='ocr_line' id='line_1_20' title="bbox 152 2177 326 2258; baseline 0 -18"><span class='ocrx_word' id='word_1_134' title='bbox 152 2177 326 2258; x_wconf 88' lang='lat' dir='ltr'>principali.</span> 
     </span>
    </p>

    <p class='ocr_par' dir='ltr' id='par_1_5' title="bbox 153 2261 1084 2528">
     <span class='ocr_line' id='line_1_21' title="bbox 191 2261 1084 2339; baseline -0.007 -2"><span class='ocrx_word' id='word_1_135' title='bbox 191 2277 229 2337; x_wconf 86' lang='lat' dir='ltr'>V.</span> <span class='ocrx_word' id='word_1_136' title='bbox 254 2261 545 2334; x_wconf 73' lang='lat' dir='ltr'>toutic&#39;oonductio</span> <span class='ocrx_word' id='word_1_137' title='bbox 563 2290 575 2332; x_wconf 91' lang='grc'>.·</span> <span class='ocrx_word' id='word_1_138' title='bbox 597 2274 775 2334; x_wconf 88' lang='lat' dir='ltr'>contractus</span> <span class='ocrx_word' id='word_1_139' title='bbox 803 2271 1016 2339; x_wconf 75' lang='lat' dir='ltr'>consensualis</span> <span class='ocrx_word' id='word_1_140' title='bbox 1044 2271 1084 2332; x_wconf 91' lang='lat' dir='ltr'>de</span> 
     </span>
     <span class='ocr_line' id='line_1_22' title="bbox 153 2368 1084 2448; baseline -0.005 -15"><span class='ocrx_word' id='word_1_141' title='bbox 153 2390 211 2433; x_wconf 89' lang='lat' dir='ltr'>nso</span> <span class='ocrx_word' id='word_1_142' title='bbox 225 2370 282 2448; x_wconf 86' lang='lat' dir='ltr'>rei,</span> <span class='ocrx_word' id='word_1_143' title='bbox 298 2369 348 2430; x_wconf 90' lang='lat' dir='ltr'>vel</span> <span class='ocrx_word' id='word_1_144' title='bbox 364 2386 459 2447; x_wconf 88' lang='lat' dir='ltr'>opere</span> <span class='ocrx_word' id='word_1_145' title='bbox 474 2385 615 2447; x_wconf 84' lang='lat' dir='ltr'>personae</span> <span class='ocrx_word' id='word_1_146' title='bbox 631 2387 688 2447; x_wconf 90' lang='lat' dir='ltr'>pro</span> <span class='ocrx_word' id='word_1_147' title='bbox 703 2371 791 2430; x_wconf 85' lang='lat' dir='ltr'>certa</span> <span class='ocrx_word' id='word_1_148' title='bbox 804 2368 950 2430; x_wconf 89' lang='lat' dir='ltr'>mercede</span> <span class='ocrx_word' id='word_1_149' title='bbox 971 2385 1084 2429; x_wconf 88' lang='lat' dir='ltr'>conoe-</span> 
     </span>
     <span class='ocr_line' id='line_1_23' title="bbox 153 2466 267 2528; baseline -0.018 0"><span class='ocrx_word' id='word_1_150' title='bbox 153 2466 267 2528; x_wconf 89' lang='lat' dir='ltr'>denda.</span> 
     </span>
    </p>

    <p class='ocr_par' dir='ltr' id='par_1_6' title="bbox 151 2560 1088 3598">
     <span class='ocr_line' id='line_1_24' title="bbox 192 2560 1086 2643; baseline -0.002 -20"><span class='ocrx_word' id='word_1_151' title='bbox 192 2565 271 2643; x_wconf 77' lang='lat' dir='ltr'>Qum</span> <span class='ocrx_word' id='word_1_152' title='bbox 285 2561 434 2624; x_wconf 87' lang='lat' dir='ltr'>diuturna</span> <span class='ocrx_word' id='word_1_153' title='bbox 454 2561 568 2623; x_wconf 90' lang='lat' dir='ltr'>locatio</span> <span class='ocrx_word' id='word_1_154' title='bbox 590 2561 727 2639; x_wconf 89' lang='lat' dir='ltr'>speciem</span> <span class='ocrx_word' id='word_1_155' title='bbox 749 2561 945 2624; x_wconf 81' lang='lat' dir='ltr'>alienationis</span> <span class='ocrx_word' id='word_1_156' title='bbox 962 2560 1086 2623; x_wconf 88' lang='lat' dir='ltr'>videtur</span> 
     </span>
     <span class='ocr_line' id='line_1_25' title="bbox 153 2656 1082 2734; baseline -0.002 -15"><span class='ocrx_word' id='word_1_157' title='bbox 153 2658 282 2734; x_wconf 87' lang='lat' dir='ltr'>habere,</span> <span class='ocrx_word' id='word_1_158' title='bbox 302 2656 513 2731; x_wconf 86' lang='lat' dir='ltr'>interdicitur;</span> <span class='ocrx_word' id='word_1_159' title='bbox 535 2675 597 2718; x_wconf 90' lang='lat' dir='ltr'>non</span> <span class='ocrx_word' id='word_1_160' title='bbox 612 2657 788 2720; x_wconf 84' lang='lat' dir='ltr'>admittitur</span> <span class='ocrx_word' id='word_1_161' title='bbox 805 2658 889 2720; x_wconf 87' lang='lat' dir='ltr'>ultra</span> <span class='ocrx_word' id='word_1_162' title='bbox 902 2659 1082 2720; x_wconf 84' lang='lat' dir='ltr'>triennium.</span> 
     </span>
     <span class='ocr_line' id='line_1_26' title="bbox 153 2751 1086 2826; baseline 0 -12"><span class='ocrx_word' id='word_1_163' title='bbox 153 2753 233 2826; x_wconf 83' lang='lat' dir='ltr'>Quid</span> <span class='ocrx_word' id='word_1_164' title='bbox 247 2753 274 2813; x_wconf 90' lang='lat' dir='ltr'>si</span> <span class='ocrx_word' id='word_1_165' title='bbox 288 2753 327 2814; x_wconf 92' lang='lat' dir='ltr'>de</span> <span class='ocrx_word' id='word_1_166' title='bbox 341 2751 477 2814; x_wconf 89' lang='lat' dir='ltr'>triennio</span> <span class='ocrx_word' id='word_1_167' title='bbox 490 2752 523 2812; x_wconf 90' lang='lat' dir='ltr'>in</span> <span class='ocrx_word' id='word_1_168' title='bbox 538 2751 708 2814; x_wconf 87' lang='lat' dir='ltr'>triennium</span> <span class='ocrx_word' id='word_1_169' title='bbox 728 2757 885 2817; x_wconf 80' lang='lat' dir='ltr'>statuatur</span> <span class='ocrx_word' id='word_1_170' title='bbox 903 2755 1086 2816; x_wconf 86' lang='lat' dir='ltr'>renovenda</span> 
     </span>
     <span class='ocr_line' id='line_1_27' title="bbox 152 2849 1086 2912; baseline 0.001 -3"><span class='ocrx_word' id='word_1_171' title='bbox 152 2849 211 2910; x_wconf 88' lang='lat' dir='ltr'>nisi</span> <span class='ocrx_word' id='word_1_172' title='bbox 225 2850 266 2910; x_wconf 92' lang='lat' dir='ltr'>ad</span> <span class='ocrx_word' id='word_1_173' title='bbox 290 2850 407 2911; x_wconf 87' lang='lat' dir='ltr'>exitum</span> <span class='ocrx_word' id='word_1_174' title='bbox 428 2849 554 2910; x_wconf 88' lang='lat' dir='ltr'>triennii</span> <span class='ocrx_word' id='word_1_175' title='bbox 577 2867 666 2910; x_wconf 92' lang='lat' dir='ltr'>mens</span> <span class='ocrx_word' id='word_1_176' title='bbox 690 2851 781 2912; x_wconf 85' lang='lat' dir='ltr'>aliter</span> <span class='ocrx_word' id='word_1_177' title='bbox 804 2868 867 2911; x_wconf 92' lang='lat' dir='ltr'>non</span> <span class='ocrx_word' id='word_1_178' title='bbox 887 2849 1086 2910; x_wconf 85' lang='lat' dir='ltr'>declaretur?</span> 
     </span>
     <span class='ocr_line' id='line_1_28' title="bbox 152 2945 1084 3026; baseline 0 -20"><span class='ocrx_word' id='word_1_179' title='bbox 152 2946 316 3026; x_wconf 88' lang='lat' dir='ltr'>Aliquibus</span> <span class='ocrx_word' id='word_1_180' title='bbox 326 2945 428 3008; x_wconf 88' lang='lat' dir='ltr'>visum</span> <span class='ocrx_word' id='word_1_181' title='bbox 439 2951 485 3008; x_wconf 88' lang='lat' dir='ltr'>est</span> <span class='ocrx_word' id='word_1_182' title='bbox 499 2964 597 3010; x_wconf 91' lang='lat' dir='ltr'>unum</span> <span class='ocrx_word' id='word_1_183' title='bbox 606 2965 675 3008; x_wconf 86' lang='lat' dir='ltr'>esse</span> <span class='ocrx_word' id='word_1_184' title='bbox 686 2949 881 3008; x_wconf 79' lang='lat' dir='ltr'>contractum</span> <span class='ocrx_word' id='word_1_185' title='bbox 891 2947 945 3025; x_wconf 88' lang='lat' dir='ltr'>qui</span> <span class='ocrx_word' id='word_1_186' title='bbox 955 2963 974 3005; x_wconf 84' lang='lat' dir='ltr'>e</span> <span class='ocrx_word' id='word_1_187' title='bbox 984 2945 1084 3023; x_wconf 91' lang='lat' dir='ltr'>primo</span> 
     </span>
     <span class='ocr_line' id='line_1_29' title="bbox 153 3033 1086 3121; baseline -0.001 -19"><span class='ocrx_word' id='word_1_188' title='bbox 153 3059 281 3102; x_wconf 87' lang='lat' dir='ltr'>causam</span> <span class='ocrx_word' id='word_1_189' title='bbox 289 3041 386 3118; x_wconf 89' lang='lat' dir='ltr'>ducit,</span> <span class='ocrx_word' id='word_1_190' title='bbox 397 3059 465 3102; x_wconf 90' lang='lat' dir='ltr'>esse</span> <span class='ocrx_word' id='word_1_191' title='bbox 474 3033 605 3121; x_wconf 91' lang='lat' dir='ltr'>proinde</span> <span class='ocrx_word' id='word_1_192' title='bbox 614 3041 833 3120; x_wconf 83' lang='lat' dir='ltr'>eontralegem</span> <span class='ocrx_word' id='word_1_193' title='bbox 841 3040 934 3103; x_wconf 86' lang='lat' dir='ltr'>autin</span> <span class='ocrx_word' id='word_1_194' title='bbox 942 3040 1086 3102; x_wconf 87' lang='lat' dir='ltr'>fraudem</span> 
     </span>
     <span class='ocr_line' id='line_1_30' title="bbox 151 3136 1086 3218; baseline -0.002 -20"><span class='ocrx_word' id='word_1_195' title='bbox 151 3138 242 3218; x_wconf 82' lang='lat' dir='ltr'>legis.</span> <span class='ocrx_word' id='word_1_196' title='bbox 266 3139 329 3200; x_wconf 88' lang='lat' dir='ltr'>Sed</span> <span class='ocrx_word' id='word_1_197' title='bbox 348 3138 401 3199; x_wconf 85' lang='lat' dir='ltr'>alii</span> <span class='ocrx_word' id='word_1_198' title='bbox 421 3139 532 3200; x_wconf 86' lang='lat' dir='ltr'>dicunt</span> <span class='ocrx_word' id='word_1_199' title='bbox 550 3152 619 3198; x_wconf 87' lang='lat' dir='ltr'>esse</span> <span class='ocrx_word' id='word_1_200' title='bbox 636 3155 757 3198; x_wconf 86' lang='lat' dir='ltr'>meram</span> <span class='ocrx_word' id='word_1_201' title='bbox 781 3136 1021 3216; x_wconf 89' lang='lat' dir='ltr'>explicationem</span> <span class='ocrx_word' id='word_1_202' title='bbox 1039 3136 1086 3197; x_wconf 87' lang='lat' dir='ltr'>fu-</span> 
     </span>
     <span class='ocr_line' id='line_1_31' title="bbox 152 3234 1086 3313; baseline -0.003 -16"><span class='ocrx_word' id='word_1_203' title='bbox 152 3239 231 3297; x_wconf 80' lang='lat' dir='ltr'>turae</span> <span class='ocrx_word' id='word_1_204' title='bbox 247 3235 416 3297; x_wconf 88' lang='lat' dir='ltr'>voluntatis</span> <span class='ocrx_word' id='word_1_205' title='bbox 427 3237 462 3296; x_wconf 87' lang='lat' dir='ltr'>ut</span> <span class='ocrx_word' id='word_1_206' title='bbox 474 3235 669 3313; x_wconf 83' lang='lat' dir='ltr'>intelligetur</span> <span class='ocrx_word' id='word_1_207' title='bbox 681 3234 778 3296; x_wconf 84' lang='lat' dir='ltr'>initus</span> <span class='ocrx_word' id='word_1_208' title='bbox 793 3251 893 3296; x_wconf 91' lang='lat' dir='ltr'>novus</span> <span class='ocrx_word' id='word_1_209' title='bbox 908 3237 1086 3296; x_wconf 84' lang='lat' dir='ltr'>contractus</span> 
     </span>
     <span class='ocr_line' id='line_1_32' title="bbox 153 3325 1086 3410; baseline -0.002 -21"><span class='ocrx_word' id='word_1_210' title='bbox 153 3329 276 3410; x_wconf 90' lang='lat' dir='ltr'>quoties</span> <span class='ocrx_word' id='word_1_211' title='bbox 290 3328 482 3390; x_wconf 79' lang='lat' dir='ltr'>eontrarium</span> <span class='ocrx_word' id='word_1_212' title='bbox 491 3328 687 3389; x_wconf 87' lang='lat' dir='ltr'>voluntatem</span> <span class='ocrx_word' id='word_1_213' title='bbox 697 3344 760 3388; x_wconf 91' lang='lat' dir='ltr'>non</span> <span class='ocrx_word' id='word_1_214' title='bbox 771 3325 981 3405; x_wconf 87' lang='lat' dir='ltr'>expresserint</span> <span class='ocrx_word' id='word_1_215' title='bbox 994 3343 1000 3386; x_wconf 93' lang='lat'>:</span> <span class='ocrx_word' id='word_1_216' title='bbox 1013 3326 1086 3387; x_wconf 89' lang='lat' dir='ltr'>inde</span> 
     </span>
     <span class='ocr_line' id='line_1_33' title="bbox 154 3423 1088 3504; baseline -0.005 -18"><span class='ocrx_word' id='word_1_217' title='bbox 154 3423 312 3486; x_wconf 90' lang='lat' dir='ltr'>silentium</span> <span class='ocrx_word' id='word_1_218' title='bbox 322 3431 405 3486; x_wconf 88' lang='lat' dir='ltr'>esset</span> <span class='ocrx_word' id='word_1_219' title='bbox 414 3441 504 3486; x_wconf 85' lang='lat' dir='ltr'>novae</span> <span class='ocrx_word' id='word_1_220' title='bbox 518 3424 688 3494; x_wconf 83' lang='lat' dir='ltr'>voluntatis</span> <span class='ocrx_word' id='word_1_221' title='bbox 703 3423 865 3501; x_wconf 89' lang='lat' dir='ltr'>indicium,</span> <span class='ocrx_word' id='word_1_222' title='bbox 878 3441 947 3504; x_wconf 86' lang='lat' dir='ltr'>quse</span> <span class='ocrx_word' id='word_1_223' title='bbox 963 3439 1088 3501; x_wconf 88' lang='lat' dir='ltr'>semper</span> 
     </span>
     <span class='ocr_line' id='line_1_34' title="bbox 154 3517 1087 3598; baseline -0.002 -19"><span class='ocrx_word' id='word_1_224' title='bbox 154 3517 255 3579; x_wconf 88' lang='lat' dir='ltr'>libera</span> <span class='ocrx_word' id='word_1_225' title='bbox 277 3525 394 3596; x_wconf 87' lang='lat' dir='ltr'>manet,</span> <span class='ocrx_word' id='word_1_226' title='bbox 418 3519 593 3598; x_wconf 83' lang='lat' dir='ltr'>praesertim</span> <span class='ocrx_word' id='word_1_227' title='bbox 616 3519 642 3580; x_wconf 89' lang='lat' dir='ltr'>si</span> <span class='ocrx_word' id='word_1_228' title='bbox 667 3521 714 3581; x_wconf 87' lang='lat' dir='ltr'>tot</span> <span class='ocrx_word' id='word_1_229' title='bbox 735 3517 888 3581; x_wconf 75' lang='lat' dir='ltr'>distinctae</span> <span class='ocrx_word' id='word_1_230' title='bbox 916 3518 1087 3580; x_wconf 89' lang='lat' dir='ltr'>locationes</span> 
     </span>
    </p>
   </div>
   <div class='ocr_carea' id='block_1_3' title="bbox 157 3618 510 3696">
    <p class='ocr_par' dir='ltr' id='par_1_7' title="bbox 157 3618 510 3696">
     <span class='ocr_line' id='line_1_35' title="bbox 157 3618 510 3696; baseline 0.008 -18"><span class='ocrx_word' id='word_1_231' title='bbox 157 3619 261 3681; x_wconf 87' lang='lat' dir='ltr'>essent</span> <span class='ocrx_word' id='word_1_232' title='bbox 275 3621 352 3696; x_wconf 87' lang='lat' dir='ltr'>quot</span> <span class='ocrx_word' id='word_1_233' title='bbox 365 3618 510 3681; x_wconf 82' lang='lat' dir='ltr'>triennia.</span> 
     </span>
    </p>
   </div>
   <div class='ocr_carea' id='block_1_4' title="bbox 0 0 1280 4016">
    <p class='ocr_par' dir='ltr' id='par_1_8' title="bbox 0 0 1280 4016">
     <span class='ocr_line' id='line_1_36' title="bbox 0 0 1280 4016; baseline 0 0"><span class='ocrx_word' id='word_1_234' title='bbox 0 0 1280 4016; x_wconf 95' lang='lat' dir='ltr'> </span> 
     </span>
    </p>
   </div>
  </div>
 </body>
</html>
