2530 4016
169 252 227 314 alo
374 255 705 308 1nsr1rurrorasrnn1s
726 258 880 306 annerici.

208 409 288 472 xlv.
306 405 416 478 Quoad
436 403 628 468 dotationem
646 401 886 464 seminariorum
904 399 1036 466 facultas
1057 405 1100 466 ab

168 505 279 566 eodem
293 502 425 565 concilio
440 501 523 563 facta
536 503 584 562 eet
598 498 751 580 episcopis
762 498 949 561 detrahendi
960 499 1100 580 aliquam

168 599 345 680 portionem
358 597 517 658 fructuum
530 595 617 674 prins
632 613 651 656 a
664 611 774 655 mense
793 592 974 673 episcopali,
997 599 1065 654 tnm
1079 615 1101 656 a

167 693 348 774 prebendis
369 691 497 773 capituli
518 694 548 752 et
573 707 843 771 quarumcumque
862 688 1051 769 dignitatum
1070 695 1104 753 et

166 789 392 852 beneficiorum
406 789 501 852 etiam
516 787 542 850 ei
555 785 713 866 regularia
723 784 785 845 sint
794 787 1011 862 etpatronata.
1025 787 1102 847 Hac

168 885 320 948 detractio
348 883 526 963 appellatur
551 881 634 943 Tuan
658 898 727 961 quae
757 880 789 940 in
812 879 971 942 constitut.
998 881 1102 942 Bene-

168 982 242 1044 dicti
257 982 326 1043 Xlll
341 998 410 1059 cup.
428 979 479 1040 cit.
497 977 607 1057 nequit
622 994 690 1038 esse
704 975 808 1038 minor
821 975 917 1037 scutis
930 976 1102 1038 tribusnec

167 1075 270 1155 major
284 1074 423 1154 quinquo
437 1091 494 1151 pro
510 1072 651 1152 quolibet
665 1070 856 1132 centenario.

207 1168 342 1240 Quodsi
364 1167 433 1229 haec
455 1172 529 1228 taxa
549 1160 613 1228 no'n
637 1165 782 1242 sufficiat,
808 1168 911 1245 potest
933 1165 1102 1245 episcopus

169 1263 257 1326 unire
289 1261 466 1326 seminariis
497 1261 651 1324 beneficia
675 1261 794 1340 aliquot
816 1260 971 1341 simplicia
995 1260 1103 1340 eujus-

75 1440 78 1444 .
168 1379 303 1442 cumque
320 1360 481 1439 dignitatis
501 1362 532 1420 et
550 1359 708 1439 qualitatis
728 1357 882 1419 fuerint...
908 1357 1003 1420 etiam
1027 1361 1100 1421 ante

168 1457 366 1518 vacationem
380 1455 446 1516 sine
462 1454 562 1516 cultus
577 1453 674 1515 divini
689 1455 721 1514 et
733 1453 787 1514 illa
800 1452 1009 1516 obtinentium
1021 1469 1102 1530 pree-

163 1551 295 1630 judioio,
313 1551 397 1631 quod
412 1551 517 1613 locum
539 1549 655 1612 habeat
669 1549 792 1611 cuemai
805 1549 959 1610 beneficia
968 1549 1036 1610 eint
1049 1567 1102 1610 re-

167 1650 292 1708 servata
307 1650 338 1709 et
352 1647 483 1720 affecta3
506 1645 608 1708 solum
626 1663 737 1708 cavere
757 1645 851 1708 debat
872 1645 1038 1724 episcopus
1059 1661 1099 1704 ne

166 1741 261 1802 laedat
275 1741 350 1820 jure
371 1742 454 1802 sedis
473 1742 652 1823 apostolieae
671 1760 729 1821 per
749 1740 930 1822 hujusmodi
952 1742 1097 1818 unionee,

167 1837 206 1899 de
221 1855 284 1918 qua
298 1855 332 1898 re
346 1838 470 1918 legatur
482 1838 670 1900 Benedictus
685 1841 753 1903 XIV
769 1840 808 1900 de
823 1838 944 1918 Synod.
963 1838 1018 1900 lib.
1043 1840 1097 1916 lll,

167 1951 236 2011 cap.
253 1949 312 1996 vn.

207 2031 274 2092 XV.
291 2029 401 2102 Quoad
415 2027 620 2090 moderamen
639 2032 670 2090 ct
690 2030 831 2109 regimen
854 2029 920 2090 sive
940 2029 1099 2092 interioris

166 2123 338 2206 disciplinae
353 2126 603 2204 seminariorum,
624 2127 694 2188 sive
704 2127 885 2207 temporalis
899 2127 1099 2190 administra-

167 2225 261 2286 tionis
276 2225 470 2303 eornmdem,
488 2226 556 2288 haec
570 2225 696 2288 statuit:

206 2321 316 2394 Quoad
327 2323 457 2403 primum
472 2330 562 2402 caput
575 2321 670 2384 debet
684 2320 849 2401 epiecopus
869 2322 903 2382 in
926 2339 1001 2382 snos
1024 2337 1096 2383 oon-

165 2414 298 2476 siliarioe
313 2433 472 2477 assumere
492 2415 571 2477 dune
586 2414 753 2477 canonicos
768 2415 906 2476 seniores
927 2418 959 2476 et
971 2413 1097 2494 gravio-

166 2527 228 2570 res.
245 2511 366 2570 Horum
385 2509 549 2572 consilium
570 2508 786 2574 adhibendum
809 2512 856 2570 est
877 2509 910 2568 in
934 2507 1095 2572 universa-

165 2604 246 2664 libus
260 2605 377 2682 regulie
393 2605 630 2681 constituendis,
645 2605 678 2665 in
693 2603 844 2666 electione
862 2603 935 2682 loci,
952 2602 1095 2675 rectoris,

165 2697 399 2776 magistrorum,
410 2701 672 2763 confessariorum
680 2717 851 2781 eorumque
860 2698 1097 2779 expulsionem

165 2795 317 2856 electione
332 2784 528 2878 singulorum
543 2817 713 2877 puerorum
727 2790 1007 2875 admittendorum,
1032 2797 1097 2860 dis-

165 2891 493 2971 colnrnmpnnitione,
509 2894 541 2953 in
557 2893 708 2956 electione
721 2894 885 2972 librorum,
903 2893 1096 2958 etvisitatio-

164 2987 269 3050 nibus.
286 2989 322 3048 Hi
338 2992 444 3051 eutem
458 2990 555 3051 semel
568 2989 609 3052 ab
624 2989 771 3071 episcopo
786 2989 877 3052 electi
892 2993 1095 3069 nonpoasnnt

165 3085 303 3146 amoveri
318 3086 385 3147 sine
399 3085 539 3167 legitima
553 3105 657 3148 causa.
675 3087 802 3148 lllornm
813 3090 919 3149 antem
929 3085 1095 3152 consilium

165 3181 329 3261 episcopus
347 3187 473 3245 tenetur
494 3184 614 3260 andire,
638 3203 701 3246 non
721 3188 846 3248 tenetur
867 3184 965 3264 sequi.
982 3185 1030 3245 lta
1053 3181 1095 3243 ad

163 3278 321 3340 tramitem
336 3279 461 3340 concilii
482 3279 655 3343 Tridentini
673 3281 789 3360 pluries
808 3280 949 3342 definivit
972 3277 1094 3341 concilii

164 3371 338 3434 Tridentini
352 3375 555 3454 congregatio
571 3377 614 3437 uti
630 3377 737 3438 videre
759 3382 806 3440 est
826 3377 912 3456 apud
933 3375 1095 3437 Giraldum

164 3466 196 3524 et
208 3465 413 3528 Benedictum
427 3471 496 3533 XIV
511 3470 550 3530 de
566 3472 699 3548 synodo.
