<?xml version="1.0" encoding="UTF-8"?>
<!DOCTYPE html PUBLIC "-//W3C//DTD XHTML 1.0 Transitional//EN"
    "http://www.w3.org/TR/xhtml1/DTD/xhtml1-transitional.dtd">
<html xmlns="http://www.w3.org/1999/xhtml" xml:lang="en" lang="en">
 <head>
  <title>
</title>
<meta http-equiv="Content-Type" content="text/html;charset=utf-8" />
  <meta name='ocr-system' content='tesseract 3.04.00' />
  <meta name='ocr-capabilities' content='ocr_page ocr_carea ocr_par ocr_line ocrx_word'/>
</head>
<body>
  <div class='ocr_page' id='page_1' title='image "./institutionesju00marigoog_0315.png"; bbox 0 0 2530 4016; ppageno 0'>
   <div class='ocr_carea' id='block_1_1' title="bbox 154 296 871 360">
    <p class='ocr_par' dir='ltr' id='par_1_1' title="bbox 154 296 871 360">
     <span class='ocr_line' id='line_1_1' title="bbox 154 296 871 360; baseline -0.014 0"><span class='ocrx_word' id='word_1_1' title='bbox 154 299 213 360; x_wconf 82' lang='grc'><strong>308</strong></span> <span class='ocrx_word' id='word_1_2' title='bbox 364 296 592 355; x_wconf 82' lang='lat' dir='ltr'><strong>rusrtrnrroues</strong></span> <span class='ocrx_word' id='word_1_3' title='bbox 612 306 694 352; x_wconf 78' lang='lat' dir='ltr'><strong>scats</strong></span> <span class='ocrx_word' id='word_1_4' title='bbox 716 305 871 352; x_wconf 75' lang='lat' dir='ltr'><strong>canonum.</strong></span> 
     </span>
    </p>
   </div>
   <div class='ocr_carea' id='block_1_2' title="bbox 154 448 1085 534">
    <p class='ocr_par' dir='ltr' id='par_1_2' title="bbox 154 448 1085 534">
     <span class='ocr_line' id='line_1_2' title="bbox 154 448 1085 534; baseline -0.006 -15"><span class='ocrx_word' id='word_1_5' title='bbox 154 456 240 519; x_wconf 85' lang='lat' dir='ltr'><strong>laicis</strong></span> <span class='ocrx_word' id='word_1_6' title='bbox 255 455 498 534; x_wconf 78' lang='lat' dir='ltr'><strong>segregarentur</strong></span> <span class='ocrx_word' id='word_1_7' title='bbox 511 449 707 514; x_wconf 90' lang='lat' dir='ltr'><strong>institutione.</strong></span> <span class='ocrx_word' id='word_1_8' title='bbox 718 448 970 512; x_wconf 88' lang='lat' dir='ltr'><strong>seminariorum.</strong></span> <span class='ocrx_word' id='word_1_9' title='bbox 987 451 1085 514; x_wconf 86' lang='lat' dir='ltr'><strong>Vide-</strong></span> 
     </span>
    </p>
   </div>
   <div class='ocr_carea' id='block_1_3' title="bbox 152 539 1083 1495">
    <p class='ocr_par' dir='ltr' id='par_1_3' title="bbox 152 539 1083 1495">
     <span class='ocr_line' id='line_1_3' title="bbox 153 539 1083 627; baseline -0.006 -12"><span class='ocrx_word' id='word_1_10' title='bbox 153 553 225 615; x_wconf 86' lang='lat' dir='ltr'><strong>licet</strong></span> <span class='ocrx_word' id='word_1_11' title='bbox 239 552 299 612; x_wconf 87' lang='lat' dir='ltr'><strong>PP.</strong></span> <span class='ocrx_word' id='word_1_12' title='bbox 315 548 488 612; x_wconf 79' lang='lat' dir='ltr'><strong>Tridentini</strong></span> <span class='ocrx_word' id='word_1_13' title='bbox 503 566 520 608; x_wconf 89' lang='lat' dir='ltr'><strong>e</strong></span> <span class='ocrx_word' id='word_1_14' title='bbox 535 565 569 608; x_wconf 89' lang='lat' dir='ltr'><strong>re</strong></span> <span class='ocrx_word' id='word_1_15' title='bbox 584 539 795 609; x_wconf 82' lang='lat' dir='ltr'><strong>ecclesiastica</strong></span> <span class='ocrx_word' id='word_1_16' title='bbox 813 564 881 606; x_wconf 88' lang='lat' dir='ltr'><strong>esse</strong></span> <span class='ocrx_word' id='word_1_17' title='bbox 900 545 1083 627; x_wconf 89' lang='lat' dir='ltr'><strong>judicarunt</strong></span> 
     </span>
     <span class='ocr_line' id='line_1_4' title="bbox 153 642 1082 726; baseline -0.002 -18"><span class='ocrx_word' id='word_1_18' title='bbox 153 650 180 709; x_wconf 92' lang='lat' dir='ltr'><strong>si</strong></span> <span class='ocrx_word' id='word_1_19' title='bbox 193 645 381 712; x_wconf 88' lang='lat' dir='ltr'><strong>mandarent</strong></span> <span class='ocrx_word' id='word_1_20' title='bbox 394 643 548 726; x_wconf 86' lang='lat' dir='ltr'><strong>episcopis</strong></span> <span class='ocrx_word' id='word_1_21' title='bbox 562 643 728 720; x_wconf 74' lang='lat' dir='ltr'><strong>universiS,</strong></span> <span class='ocrx_word' id='word_1_22' title='bbox 744 646 779 705; x_wconf 93' lang='lat' dir='ltr'><strong>ut</strong></span> <span class='ocrx_word' id='word_1_23' title='bbox 789 642 932 723; x_wconf 86' lang='lat' dir='ltr'><strong>juniores</strong></span> <span class='ocrx_word' id='word_1_24' title='bbox 951 644 1082 706; x_wconf 85' lang='lat' dir='ltr'><strong>clericos</strong></span> 
     </span>
     <span class='ocr_line' id='line_1_5' title="bbox 152 736 1081 822; baseline -0.002 -18"><span class='ocrx_word' id='word_1_25' title='bbox 152 743 186 804; x_wconf 91' lang='lat' dir='ltr'><strong>in</strong></span> <span class='ocrx_word' id='word_1_26' title='bbox 200 742 366 822; x_wconf 75' lang='lat' dir='ltr'><strong>collegium</strong></span> <span class='ocrx_word' id='word_1_27' title='bbox 381 740 542 820; x_wconf 82' lang='lat' dir='ltr'>quoddam</span> <span class='ocrx_word' id='word_1_28' title='bbox 555 737 737 818; x_wconf 78' lang='lat' dir='ltr'><strong>redigerent</strong></span> <span class='ocrx_word' id='word_1_29' title='bbox 754 736 917 817; x_wconf 89' lang='lat' dir='ltr'><strong>inpietate</strong></span> <span class='ocrx_word' id='word_1_30' title='bbox 932 738 1081 821; x_wconf 88' lang='lat' dir='ltr'><strong>cultuque</strong></span> 
     </span>
     <span class='ocr_line' id='line_1_6' title="bbox 152 833 1081 915; baseline -0.006 -13"><span class='ocrx_word' id='word_1_31' title='bbox 152 839 308 902; x_wconf 89' lang='lat' dir='ltr'><strong>bonarum</strong></span> <span class='ocrx_word' id='word_1_32' title='bbox 322 837 437 898; x_wconf 88' lang='lat' dir='ltr'><strong>artium</strong></span> <span class='ocrx_word' id='word_1_33' title='bbox 459 854 496 897; x_wconf 89' lang='lat' dir='ltr'><strong>ac</strong></span> <span class='ocrx_word' id='word_1_34' title='bbox 514 833 690 915; x_wconf 86' lang='lat' dir='ltr'><strong>praesertim</strong></span> <span class='ocrx_word' id='word_1_35' title='bbox 709 834 887 896; x_wconf 89' lang='lat' dir='ltr'><strong>divinarum</strong></span> <span class='ocrx_word' id='word_1_36' title='bbox 905 835 1081 898; x_wconf 86' lang='lat' dir='ltr'><strong>litterarum</strong></span> 
     </span>
     <span class='ocr_line' id='line_1_7' title="bbox 153 931 1083 1012; baseline -0.002 -16"><span class='ocrx_word' id='word_1_37' title='bbox 153 934 344 997; x_wconf 87' lang='lat' dir='ltr'><strong>educandos.</strong></span> <span class='ocrx_word' id='word_1_38' title='bbox 365 933 431 992; x_wconf 88' lang='lat' dir='ltr'><strong>Hoc</strong></span> <span class='ocrx_word' id='word_1_39' title='bbox 450 931 617 1012; x_wconf 85' lang='lat' dir='ltr'><strong>collegium</strong></span> <span class='ocrx_word' id='word_1_40' title='bbox 637 934 784 993; x_wconf 85' lang='lat' dir='ltr'><strong>vocatum</strong></span> <span class='ocrx_word' id='word_1_41' title='bbox 803 934 850 994; x_wconf 91' lang='lat' dir='ltr'><strong>est</strong></span> <span class='ocrx_word' id='word_1_42' title='bbox 867 933 1055 994; x_wconf 82' lang='lat' dir='ltr'><strong>seminarium</strong></span> <span class='ocrx_word' id='word_1_43' title='bbox 1070 952 1083 994; x_wconf 91' lang='lat'><strong>.·</strong></span> 
     </span>
     <span class='ocr_line' id='line_1_8' title="bbox 152 1025 1082 1106; baseline -0.001 -14"><span class='ocrx_word' id='word_1_44' title='bbox 152 1030 331 1092; x_wconf 84' lang='lat' dir='ltr'><strong>sicutenim</strong></span> <span class='ocrx_word' id='word_1_45' title='bbox 349 1026 523 1089; x_wconf 83' lang='lat' dir='ltr'><strong>arbusculae</strong></span> <span class='ocrx_word' id='word_1_46' title='bbox 545 1027 577 1086; x_wconf 89' lang='lat' dir='ltr'><strong>in</strong></span> <span class='ocrx_word' id='word_1_47' title='bbox 598 1025 766 1088; x_wconf 88' lang='lat' dir='ltr'><strong>seminario</strong></span> <span class='ocrx_word' id='word_1_48' title='bbox 787 1027 971 1106; x_wconf 88' lang='lat' dir='ltr'><strong>educantur,</strong></span> <span class='ocrx_word' id='word_1_49' title='bbox 996 1029 1082 1091; x_wconf 91' lang='lat' dir='ltr'><strong>unda</strong></span> 
     </span>
     <span class='ocr_line' id='line_1_9' title="bbox 152 1113 1079 1204; baseline 0.001 -20"><span class='ocrx_word' id='word_1_50' title='bbox 152 1124 352 1204; x_wconf 90' lang='lat' dir='ltr'><strong>postmodum</strong></span> <span class='ocrx_word' id='word_1_51' title='bbox 362 1113 634 1199; x_wconf 86' lang='lat' dir='ltr'><strong>transplantantur</strong></span> <span class='ocrx_word' id='word_1_52' title='bbox 648 1139 847 1203; x_wconf 85' lang='lat' dir='ltr'><strong>quocumque</strong></span> <span class='ocrx_word' id='word_1_53' title='bbox 856 1141 935 1203; x_wconf 90' lang='lat' dir='ltr'><strong>opus</strong></span> <span class='ocrx_word' id='word_1_54' title='bbox 943 1124 1079 1201; x_wconf 88' lang='lat' dir='ltr'><strong>videtur,</strong></span> 
     </span>
     <span class='ocr_line' id='line_1_10' title="bbox 152 1218 1081 1302; baseline 0.002 -20"><span class='ocrx_word' id='word_1_55' title='bbox 152 1222 197 1283; x_wconf 90' lang='lat' dir='ltr'><strong>ita</strong></span> <span class='ocrx_word' id='word_1_56' title='bbox 210 1221 311 1283; x_wconf 89' lang='lat' dir='ltr'><strong>dictus</strong></span> <span class='ocrx_word' id='word_1_57' title='bbox 326 1223 374 1282; x_wconf 92' lang='lat' dir='ltr'><strong>est</strong></span> <span class='ocrx_word' id='word_1_58' title='bbox 387 1221 439 1283; x_wconf 88' lang='lat' dir='ltr'><strong>ille</strong></span> <span class='ocrx_word' id='word_1_59' title='bbox 452 1220 551 1297; x_wconf 87' lang='lat' dir='ltr'><strong>Iocus,</strong></span> <span class='ocrx_word' id='word_1_60' title='bbox 569 1218 622 1300; x_wconf 86' lang='lat' dir='ltr'><strong>qui</strong></span> <span class='ocrx_word' id='word_1_61' title='bbox 637 1223 760 1282; x_wconf 89' lang='lat' dir='ltr'><strong>erectus</strong></span> <span class='ocrx_word' id='word_1_62' title='bbox 778 1223 825 1282; x_wconf 91' lang='lat' dir='ltr'><strong>est</strong></span> <span class='ocrx_word' id='word_1_63' title='bbox 843 1222 884 1283; x_wconf 90' lang='lat' dir='ltr'><strong>ad</strong></span> <span class='ocrx_word' id='word_1_64' title='bbox 901 1239 1081 1302; x_wconf 78' lang='lat' dir='ltr'><strong>praparen·</strong></span> 
     </span>
     <span class='ocr_line' id='line_1_11' title="bbox 152 1316 1081 1400; baseline 0.001 -21"><span class='ocrx_word' id='word_1_65' title='bbox 152 1319 211 1380; x_wconf 89' lang='lat' dir='ltr'><strong>dos</strong></span> <span class='ocrx_word' id='word_1_66' title='bbox 225 1318 295 1380; x_wconf 92' lang='lat' dir='ltr'><strong>illos</strong></span> <span class='ocrx_word' id='word_1_67' title='bbox 310 1317 363 1400; x_wconf 91' lang='lat' dir='ltr'><strong>qui</strong></span> <span class='ocrx_word' id='word_1_68' title='bbox 378 1317 492 1379; x_wconf 89' lang='lat' dir='ltr'><strong>deinde</strong></span> <span class='ocrx_word' id='word_1_69' title='bbox 512 1316 692 1378; x_wconf 86' lang='lat' dir='ltr'><strong>sacerdotes</strong></span> <span class='ocrx_word' id='word_1_70' title='bbox 713 1317 833 1396; x_wconf 92' lang='lat' dir='ltr'><strong>optimi,</strong></span> <span class='ocrx_word' id='word_1_71' title='bbox 855 1319 886 1380; x_wconf 88' lang='lat' dir='ltr'><strong>et</strong></span> <span class='ocrx_word' id='word_1_72' title='bbox 903 1318 1081 1380; x_wconf 89' lang='lat' dir='ltr'><strong>animarum</strong></span> 
     </span>
     <span class='ocr_line' id='line_1_12' title="bbox 152 1412 1081 1495; baseline 0.002 -19"><span class='ocrx_word' id='word_1_73' title='bbox 152 1417 292 1494; x_wconf 89' lang='lat' dir='ltr'><strong>pastores</strong></span> <span class='ocrx_word' id='word_1_74' title='bbox 316 1419 348 1475; x_wconf 86' lang='lat' dir='ltr'><strong>et</strong></span> <span class='ocrx_word' id='word_1_75' title='bbox 369 1414 464 1476; x_wconf 91' lang='lat' dir='ltr'><strong>duces</strong></span> <span class='ocrx_word' id='word_1_76' title='bbox 493 1412 590 1475; x_wconf 86' lang='lat' dir='ltr'><strong>futuri</strong></span> <span class='ocrx_word' id='word_1_77' title='bbox 619 1416 732 1474; x_wconf 89' lang='lat' dir='ltr'><strong>esseut.</strong></span> <span class='ocrx_word' id='word_1_78' title='bbox 761 1416 804 1476; x_wconf 89' lang='lat' dir='ltr'><strong>Ut</strong></span> <span class='ocrx_word' id='word_1_79' title='bbox 826 1414 887 1476; x_wconf 91' lang='lat' dir='ltr'><strong>hoc</strong></span> <span class='ocrx_word' id='word_1_80' title='bbox 905 1414 1081 1495; x_wconf 90' lang='lat' dir='ltr'><strong>piissimum</strong></span> 
     </span>
    </p>
   </div>
   <div class='ocr_carea' id='block_1_4' title="bbox 151 1508 1082 1666">
    <p class='ocr_par' dir='ltr' id='par_1_4' title="bbox 151 1508 1082 1666">
     <span class='ocr_line' id='line_1_13' title="bbox 153 1508 1082 1590; baseline -0.001 -18"><span class='ocrx_word' id='word_1_81' title='bbox 153 1528 231 1590; x_wconf 89' lang='lat' dir='ltr'><strong>opus</strong></span> <span class='ocrx_word' id='word_1_82' title='bbox 244 1509 461 1572; x_wconf 88' lang='lat' dir='ltr'><strong>institueretur</strong></span> <span class='ocrx_word' id='word_1_83' title='bbox 474 1508 522 1572; x_wconf 89' lang='lat' dir='ltr'><strong>vel</strong></span> <span class='ocrx_word' id='word_1_84' title='bbox 537 1508 754 1571; x_wconf 82' lang='lat' dir='ltr'><strong>restitueretur</strong></span> <span class='ocrx_word' id='word_1_85' title='bbox 773 1511 804 1570; x_wconf 90' lang='lat' dir='ltr'><strong>et</strong></span> <span class='ocrx_word' id='word_1_86' title='bbox 822 1510 1001 1589; x_wconf 86' lang='lat' dir='ltr'><strong>paupertati</strong></span> <span class='ocrx_word' id='word_1_87' title='bbox 1021 1510 1082 1571; x_wconf 91' lang='lat' dir='ltr'><strong>cle·</strong></span> 
     </span>
     <span class='ocr_line' id='line_1_14' title="bbox 151 1601 1081 1666; baseline -0.004 0"><span class='ocrx_word' id='word_1_88' title='bbox 151 1605 289 1666; x_wconf 90' lang='lat' dir='ltr'><strong>ricorum</strong></span> <span class='ocrx_word' id='word_1_89' title='bbox 303 1604 377 1664; x_wconf 90' lang='lat' dir='ltr'><strong>illuc</strong></span> <span class='ocrx_word' id='word_1_90' title='bbox 392 1601 645 1664; x_wconf 80' lang='lat' dir='ltr'><strong>convenientium</strong></span> <span class='ocrx_word' id='word_1_91' title='bbox 662 1603 898 1663; x_wconf 88' lang='lat' dir='ltr'><strong>succurreretur</strong></span> <span class='ocrx_word' id='word_1_92' title='bbox 921 1605 952 1664; x_wconf 91' lang='lat' dir='ltr'><strong>et</strong></span> <span class='ocrx_word' id='word_1_93' title='bbox 975 1601 1081 1662; x_wconf 87' lang='lat' dir='ltr'><strong>omnia</strong></span> 
     </span>
    </p>
   </div>
   <div class='ocr_carea' id='block_1_5' title="bbox 91 1683 1141 3590">
    <p class='ocr_par' dir='ltr' id='par_1_5' title="bbox 151 1683 1081 1858">
     <span class='ocr_line' id='line_1_15' title="bbox 151 1683 1081 1778; baseline -0.004 -17"><span class='ocrx_word' id='word_1_94' title='bbox 151 1704 235 1762; x_wconf 89' lang='lat' dir='ltr'><strong>reete</strong></span> <span class='ocrx_word' id='word_1_95' title='bbox 250 1700 458 1778; x_wconf 88' lang='lat' dir='ltr'><strong>procederent</strong></span> <span class='ocrx_word' id='word_1_96' title='bbox 471 1683 645 1760; x_wconf 79' lang='lat' dir='ltr'><strong>secundum</strong></span> <span class='ocrx_word' id='word_1_97' title='bbox 658 1697 754 1758; x_wconf 86' lang='lat' dir='ltr'><strong>finem</strong></span> <span class='ocrx_word' id='word_1_98' title='bbox 763 1695 976 1776; x_wconf 89' lang='lat' dir='ltr'><strong>institutionis,</strong></span> <span class='ocrx_word' id='word_1_99' title='bbox 989 1697 1081 1776; x_wconf 89' lang='lat' dir='ltr'><strong>plura</strong></span> 
     </span>
     <span class='ocr_line' id='line_1_16' title="bbox 152 1793 939 1858; baseline -0.004 0"><span class='ocrx_word' id='word_1_100' title='bbox 152 1795 291 1858; x_wconf 87' lang='lat' dir='ltr'><strong>decrevit</strong></span> <span class='ocrx_word' id='word_1_101' title='bbox 305 1811 394 1858; x_wconf 86' lang='lat' dir='ltr'><strong>cono.</strong></span> <span class='ocrx_word' id='word_1_102' title='bbox 411 1793 551 1857; x_wconf 77' lang='lat' dir='ltr'><strong>Trident.</strong></span> <span class='ocrx_word' id='word_1_103' title='bbox 568 1811 644 1855; x_wconf 89' lang='lat' dir='ltr'><strong>sess.</strong></span> <span class='ocrx_word' id='word_1_104' title='bbox 661 1797 699 1856; x_wconf 77' lang='lat'><strong>23</strong></span> <span class='ocrx_word' id='word_1_105' title='bbox 715 1794 754 1855; x_wconf 89' lang='lat' dir='ltr'><strong>da</strong></span> <span class='ocrx_word' id='word_1_106' title='bbox 768 1793 825 1856; x_wconf 88' lang='lat' dir='ltr'><strong>ref.</strong></span> <span class='ocrx_word' id='word_1_107' title='bbox 843 1813 870 1855; x_wconf 91' lang='lat' dir='ltr'><strong>o.</strong></span> <span class='ocrx_word' id='word_1_108' title='bbox 890 1795 939 1856; x_wconf 80' lang='lat' dir='ltr'><strong>ta.</strong></span> 
     </span>
    </p>

    <p class='ocr_par' dir='ltr' id='par_1_6' title="bbox 91 1886 1141 3590">
     <span class='ocr_line' id='line_1_17' title="bbox 192 1886 1080 1968; baseline -0.005 -16"><span class='ocrx_word' id='word_1_109' title='bbox 192 1889 224 1952; x_wconf 91' lang='lat' dir='ltr'><strong>Si</strong></span> <span class='ocrx_word' id='word_1_110' title='bbox 252 1887 377 1968; x_wconf 85' lang='lat' dir='ltr'><strong>singula</strong></span> <span class='ocrx_word' id='word_1_111' title='bbox 403 1886 572 1949; x_wconf 88' lang='lat' dir='ltr'><strong>seminaria</strong></span> <span class='ocrx_word' id='word_1_112' title='bbox 600 1905 657 1967; x_wconf 94' lang='lat' dir='ltr'><strong>pro</strong></span> <span class='ocrx_word' id='word_1_113' title='bbox 689 1886 820 1968; x_wconf 90' lang='lat' dir='ltr'><strong>singulis</strong></span> <span class='ocrx_word' id='word_1_114' title='bbox 848 1886 1080 1950; x_wconf 78' lang='lat' dir='ltr'><strong>cathedralibus</strong></span> 
     </span>
     <span class='ocr_line' id='line_1_18' title="bbox 152 1984 1081 2066; baseline -0.003 -17"><span class='ocrx_word' id='word_1_115' title='bbox 152 1986 291 2050; x_wconf 90' lang='lat' dir='ltr'><strong>ecclesiis</strong></span> <span class='ocrx_word' id='word_1_116' title='bbox 304 2003 367 2048; x_wconf 91' lang='lat' dir='ltr'><strong>non</strong></span> <span class='ocrx_word' id='word_1_117' title='bbox 382 1985 549 2063; x_wconf 81' lang='lat' dir='ltr'><strong>sufficiant,</strong></span> <span class='ocrx_word' id='word_1_118' title='bbox 565 1985 697 2048; x_wconf 84' lang='lat' dir='ltr'><strong>facultas</strong></span> <span class='ocrx_word' id='word_1_119' title='bbox 717 1984 793 2047; x_wconf 91' lang='lat' dir='ltr'><strong>data</strong></span> <span class='ocrx_word' id='word_1_120' title='bbox 812 1987 860 2048; x_wconf 89' lang='lat' dir='ltr'><strong>ast</strong></span> <span class='ocrx_word' id='word_1_121' title='bbox 879 1984 1033 2066; x_wconf 85' lang='lat' dir='ltr'><strong>episcopis</strong></span> <span class='ocrx_word' id='word_1_122' title='bbox 1046 1987 1081 2046; x_wconf 91' lang='lat' dir='ltr'><strong>ut</strong></span> 
     </span>
     <span class='ocr_line' id='line_1_19' title="bbox 151 2080 1080 2162; baseline -0.004 -16"><span class='ocrx_word' id='word_1_123' title='bbox 151 2086 182 2146; x_wconf 91' lang='lat' dir='ltr'><strong>in</strong></span> <span class='ocrx_word' id='word_1_124' title='bbox 199 2083 336 2145; x_wconf 89' lang='lat' dir='ltr'><strong>eeclesiis</strong></span> <span class='ocrx_word' id='word_1_125' title='bbox 356 2082 476 2162; x_wconf 88' lang='lat' dir='ltr'><strong>amplas</strong></span> <span class='ocrx_word' id='word_1_126' title='bbox 495 2080 646 2144; x_wconf 86' lang='lat' dir='ltr'><strong>dioeceses</strong></span> <span class='ocrx_word' id='word_1_127' title='bbox 664 2080 864 2159; x_wconf 74' lang='lat' dir='ltr'><strong>habentibus,</strong></span> <span class='ocrx_word' id='word_1_128' title='bbox 881 2081 973 2160; x_wconf 86' lang='lat' dir='ltr'><strong>plura</strong></span> <span class='ocrx_word' id='word_1_129' title='bbox 985 2082 1080 2143; x_wconf 89' lang='lat' dir='ltr'><strong>etiam</strong></span> 
     </span>
     <span class='ocr_line' id='line_1_20' title="bbox 151 2175 1082 2258; baseline 0 -18"><span class='ocrx_word' id='word_1_130' title='bbox 151 2185 245 2258; x_wconf 89' lang='lat' dir='ltr'><strong>prout</strong></span> <span class='ocrx_word' id='word_1_131' title='bbox 262 2177 320 2240; x_wconf 90' lang='lat' dir='ltr'><strong>sibi</strong></span> <span class='ocrx_word' id='word_1_132' title='bbox 343 2183 554 2258; x_wconf 90' lang='lat' dir='ltr'><strong>opportunum</strong></span> <span class='ocrx_word' id='word_1_133' title='bbox 572 2176 741 2254; x_wconf 90' lang='lat' dir='ltr'><strong>videbitur,</strong></span> <span class='ocrx_word' id='word_1_134' title='bbox 758 2175 896 2238; x_wconf 87' lang='lat' dir='ltr'><strong>habeant</strong></span> <span class='ocrx_word' id='word_1_135' title='bbox 913 2176 1082 2240; x_wconf 89' lang='lat' dir='ltr'><strong>seminaria</strong></span> 
     </span>
     <span class='ocr_line' id='line_1_21' title="bbox 148 2272 1080 2356; baseline 0 -22"><span class='ocrx_word' id='word_1_136' title='bbox 148 2276 221 2356; x_wconf 85' lang='lat' dir='ltr'><strong>&#39;quae</strong></span> <span class='ocrx_word' id='word_1_137' title='bbox 236 2277 342 2337; x_wconf 86' lang='lat' dir='ltr'><strong>tamen</strong></span> <span class='ocrx_word' id='word_1_138' title='bbox 357 2273 425 2355; x_wconf 89' lang='lat' dir='ltr'><strong>(pro</strong></span> <span class='ocrx_word' id='word_1_139' title='bbox 441 2274 559 2337; x_wconf 89' lang='lat' dir='ltr'><strong>unitate</strong></span> <span class='ocrx_word' id='word_1_140' title='bbox 574 2272 734 2353; x_wconf 89' lang='lat' dir='ltr'><strong>regiminis</strong></span> <span class='ocrx_word' id='word_1_141' title='bbox 745 2275 776 2335; x_wconf 88' lang='lat' dir='ltr'><strong>et</strong></span> <span class='ocrx_word' id='word_1_142' title='bbox 790 2273 1080 2353; x_wconf 77' lang='lat' dir='ltr'><strong>administrationis)</strong></span> 
     </span>
     <span class='ocr_line' id='line_1_22' title="bbox 151 2368 1109 2450; baseline -0.002 -18"><span class='ocrx_word' id='word_1_143' title='bbox 151 2371 191 2433; x_wconf 91' lang='lat' dir='ltr'><strong>ab</strong></span> <span class='ocrx_word' id='word_1_144' title='bbox 213 2371 265 2432; x_wconf 94' lang='lat' dir='ltr'><strong>illo</strong></span> <span class='ocrx_word' id='word_1_145' title='bbox 289 2389 351 2432; x_wconf 93' lang='lat' dir='ltr'><strong>nno</strong></span> <span class='ocrx_word' id='word_1_146' title='bbox 377 2369 461 2450; x_wconf 87' lang='lat' dir='ltr'><strong>quod</strong></span> <span class='ocrx_word' id='word_1_147' title='bbox 484 2369 656 2432; x_wconf 87' lang='lat' dir='ltr'><strong>incivitate</strong></span> <span class='ocrx_word' id='word_1_148' title='bbox 672 2371 858 2432; x_wconf 89' lang='lat' dir='ltr'><strong>erectumet</strong></span> <span class='ocrx_word' id='word_1_149' title='bbox 875 2368 1080 2438; x_wconf 88' lang='lat' dir='ltr'><strong>constitutum</strong></span> <span class='ocrx_word' id='word_1_150' title='bbox 1107 2371 1109 2376; x_wconf 85' lang='lat'>&#39;</span> 
     </span>
     <span class='ocr_line' id='line_1_23' title="bbox 150 2464 1035 2546; baseline 0.001 -20"><span class='ocrx_word' id='word_1_151' title='bbox 150 2467 254 2542; x_wconf 90' lang='lat' dir='ltr'><strong>fuerit,</strong></span> <span class='ocrx_word' id='word_1_152' title='bbox 269 2467 302 2526; x_wconf 88' lang='lat' dir='ltr'><strong>in</strong></span> <span class='ocrx_word' id='word_1_153' title='bbox 316 2464 460 2528; x_wconf 92' lang='lat' dir='ltr'><strong>omnibus</strong></span> <span class='ocrx_word' id='word_1_154' title='bbox 474 2464 661 2546; x_wconf 86' lang='lat' dir='ltr'><strong>dependeat.</strong></span> <span class='ocrx_word' id='word_1_155' title='bbox 1033 2539 1035 2543; x_wconf 11' lang='grc' dir='ltr'><em>Α</em></span> 
     </span>
     <span class='ocr_line' id='line_1_24' title="bbox 91 2560 1080 2640; baseline -0.001 -17"><span class='ocrx_word' id='word_1_156' title='bbox 91 2561 111 2571; x_wconf 85' lang='grc'><strong>”</strong></span> <span class='ocrx_word' id='word_1_157' title='bbox 190 2564 268 2623; x_wconf 84' lang='lat' dir='ltr'><strong>Cum</strong></span> <span class='ocrx_word' id='word_1_158' title='bbox 283 2566 388 2625; x_wconf 92' lang='lat' dir='ltr'><strong>eutem</strong></span> <span class='ocrx_word' id='word_1_159' title='bbox 403 2560 545 2624; x_wconf 89' lang='lat' dir='ltr'><strong>nonnulli</strong></span> <span class='ocrx_word' id='word_1_160' title='bbox 560 2561 697 2640; x_wconf 85' lang='lat' dir='ltr'><strong>episcopi</strong></span> <span class='ocrx_word' id='word_1_161' title='bbox 718 2561 875 2624; x_wconf 84' lang='lat' dir='ltr'><strong>tardiores</strong></span> <span class='ocrx_word' id='word_1_162' title='bbox 895 2562 1027 2624; x_wconf 86' lang='lat' dir='ltr'><strong>fuissent</strong></span> <span class='ocrx_word' id='word_1_163' title='bbox 1047 2561 1080 2622; x_wconf 90' lang='lat' dir='ltr'><strong>in</strong></span> 
     </span>
     <span class='ocr_line' id='line_1_25' title="bbox 151 2656 1081 2736; baseline 0.001 -19"><span class='ocrx_word' id='word_1_164' title='bbox 151 2656 334 2736; x_wconf 86' lang='lat' dir='ltr'><strong>exequendo</strong></span> <span class='ocrx_word' id='word_1_165' title='bbox 354 2656 534 2734; x_wconf 89' lang='lat' dir='ltr'><strong>hujusmodi</strong></span> <span class='ocrx_word' id='word_1_166' title='bbox 550 2658 678 2720; x_wconf 90' lang='lat' dir='ltr'><strong>decreta</strong></span> <span class='ocrx_word' id='word_1_167' title='bbox 691 2657 884 2736; x_wconf 77' lang='lat' dir='ltr'><strong>Tridentina,</strong></span> <span class='ocrx_word' id='word_1_168' title='bbox 900 2657 966 2720; x_wconf 88' lang='lat' dir='ltr'><strong>sive</strong></span> <span class='ocrx_word' id='word_1_169' title='bbox 980 2659 1081 2718; x_wconf 86' lang='lat' dir='ltr'><strong>Bene-</strong></span> 
     </span>
     <span class='ocr_line' id='line_1_26' title="bbox 150 2748 1080 2827; baseline -0.001 -17"><span class='ocrx_word' id='word_1_170' title='bbox 150 2748 251 2810; x_wconf 87' lang='lat' dir='ltr'><strong>dictus</strong></span> <span class='ocrx_word' id='word_1_171' title='bbox 279 2748 348 2808; x_wconf 89' lang='lat' dir='ltr'>XIII</span> <span class='ocrx_word' id='word_1_172' title='bbox 376 2749 535 2810; x_wconf 89' lang='lat' dir='ltr'><strong>constitut.</strong></span> <span class='ocrx_word' id='word_1_173' title='bbox 567 2748 684 2812; x_wconf 83' lang='lat' dir='ltr'><strong>Credite</strong></span> <span class='ocrx_word' id='word_1_174' title='bbox 710 2749 801 2827; x_wconf 68' lang='lat' dir='ltr'><strong>cobet,</strong></span> <span class='ocrx_word' id='word_1_175' title='bbox 827 2750 891 2811; x_wconf 91' lang='lat' dir='ltr'><strong>sive</strong></span> <span class='ocrx_word' id='word_1_176' title='bbox 926 2748 1080 2811; x_wconf 88' lang='lat' dir='ltr'><strong>Benedic-</strong></span> 
     </span>
     <span class='ocr_line' id='line_1_27' title="bbox 149 2842 1080 2926; baseline -0.001 -20"><span class='ocrx_word' id='word_1_177' title='bbox 149 2846 199 2906; x_wconf 90' lang='lat' dir='ltr'><strong>tus</strong></span> <span class='ocrx_word' id='word_1_178' title='bbox 214 2843 283 2907; x_wconf 87' lang='lat' dir='ltr'><strong>XIV</strong></span> <span class='ocrx_word' id='word_1_179' title='bbox 299 2842 457 2906; x_wconf 86' lang='lat' dir='ltr'><strong>constitut.</strong></span> <span class='ocrx_word' id='word_1_180' title='bbox 478 2843 537 2905; x_wconf 79' lang='lat' dir='ltr'><strong>Ubi</strong></span> <span class='ocrx_word' id='word_1_181' title='bbox 550 2845 684 2926; x_wconf 77' lang='lat' dir='ltr'><strong>primum</strong></span> <span class='ocrx_word' id='word_1_182' title='bbox 706 2846 790 2907; x_wconf 93' lang='lat' dir='ltr'><strong>omni</strong></span> <span class='ocrx_word' id='word_1_183' title='bbox 810 2863 905 2923; x_wconf 89' lang='lat' dir='ltr'><strong>opere</strong></span> <span class='ocrx_word' id='word_1_184' title='bbox 930 2845 1080 2910; x_wconf 79' lang='lat' dir='ltr'><strong>curarunt</strong></span> 
     </span>
     <span class='ocr_line' id='line_1_28' title="bbox 149 2939 1079 3022; baseline 0.001 -22"><span class='ocrx_word' id='word_1_185' title='bbox 149 2947 184 3001; x_wconf 90' lang='lat' dir='ltr'><strong>ut</strong></span> <span class='ocrx_word' id='word_1_186' title='bbox 197 2939 379 3020; x_wconf 84' lang='lat' dir='ltr'><strong>hujusmodi</strong></span> <span class='ocrx_word' id='word_1_187' title='bbox 393 2939 563 3003; x_wconf 89' lang='lat' dir='ltr'><strong>seminaria</strong></span> <span class='ocrx_word' id='word_1_188' title='bbox 577 2960 634 3019; x_wconf 89' lang='lat' dir='ltr'><strong>par</strong></span> <span class='ocrx_word' id='word_1_189' title='bbox 648 2940 769 3003; x_wconf 88' lang='lat' dir='ltr'><strong>Italiam</strong></span> <span class='ocrx_word' id='word_1_190' title='bbox 782 2941 964 3022; x_wconf 87' lang='lat' dir='ltr'><strong>insulasque</strong></span> <span class='ocrx_word' id='word_1_191' title='bbox 989 2939 1079 3020; x_wconf 88' lang='lat' dir='ltr'><strong>adja-</strong></span> 
     </span>
     <span class='ocr_line' id='line_1_29' title="bbox 149 3031 1079 3111; baseline -0.003 -17"><span class='ocrx_word' id='word_1_192' title='bbox 149 3039 266 3111; x_wconf 88' lang='lat' dir='ltr'><strong>centes,</strong></span> <span class='ocrx_word' id='word_1_193' title='bbox 283 3034 310 3095; x_wconf 92' lang='lat' dir='ltr'><strong>si</strong></span> <span class='ocrx_word' id='word_1_194' title='bbox 324 3052 387 3097; x_wconf 90' lang='lat' dir='ltr'><strong>non</strong></span> <span class='ocrx_word' id='word_1_195' title='bbox 400 3033 544 3097; x_wconf 89' lang='lat' dir='ltr'><strong>instituta</strong></span> <span class='ocrx_word' id='word_1_196' title='bbox 563 3035 662 3111; x_wconf 89' lang='lat' dir='ltr'><strong>erant,</strong></span> <span class='ocrx_word' id='word_1_197' title='bbox 679 3033 926 3111; x_wconf 88' lang='lat' dir='ltr'><strong>instituerentur,</strong></span> <span class='ocrx_word' id='word_1_198' title='bbox 943 3033 969 3096; x_wconf 88' lang='lat' dir='ltr'><strong>si</strong></span> <span class='ocrx_word' id='word_1_199' title='bbox 990 3031 1079 3098; x_wconf 89' lang='lat' dir='ltr'><strong>insti·</strong></span> 
     </span>
     <span class='ocr_line' id='line_1_30' title="bbox 148 3127 1076 3209; baseline -0.002 -19"><span class='ocrx_word' id='word_1_200' title='bbox 148 3131 217 3190; x_wconf 90' lang='lat' dir='ltr'><strong>tuta</strong></span> <span class='ocrx_word' id='word_1_201' title='bbox 243 3129 298 3189; x_wconf 91' lang='lat' dir='ltr'><strong>sed</strong></span> <span class='ocrx_word' id='word_1_202' title='bbox 325 3127 533 3209; x_wconf 88' lang='lat' dir='ltr'><strong>indiguissent</strong></span> <span class='ocrx_word' id='word_1_203' title='bbox 560 3127 772 3209; x_wconf 86' lang='lat' dir='ltr'><strong>ampliatione,</strong></span> <span class='ocrx_word' id='word_1_204' title='bbox 798 3127 1076 3206; x_wconf 89' lang='lat' dir='ltr'><strong>amplificarentur.</strong></span> 
     </span>
     <span class='ocr_line' id='line_1_31' title="bbox 147 3225 1079 3307; baseline -0.004 -19"><span class='ocrx_word' id='word_1_205' title='bbox 147 3228 255 3288; x_wconf 92' lang='lat' dir='ltr'><strong>Immo</strong></span> <span class='ocrx_word' id='word_1_206' title='bbox 269 3227 457 3290; x_wconf 84' lang='lat' dir='ltr'><strong>Benedictus</strong></span> <span class='ocrx_word' id='word_1_207' title='bbox 480 3228 549 3289; x_wconf 88' lang='lat' dir='ltr'>XIII</span> <span class='ocrx_word' id='word_1_208' title='bbox 574 3226 615 3288; x_wconf 86' lang='lat' dir='ltr'><strong>ad</strong></span> <span class='ocrx_word' id='word_1_209' title='bbox 634 3225 807 3307; x_wconf 85' lang='lat' dir='ltr'><strong>quemlibet</strong></span> <span class='ocrx_word' id='word_1_210' title='bbox 824 3244 947 3288; x_wconf 90' lang='lat' dir='ltr'><strong>moram</strong></span> <span class='ocrx_word' id='word_1_211' title='bbox 964 3225 1079 3288; x_wconf 90' lang='lat' dir='ltr'><strong>tollen-</strong></span> 
     </span>
     <span class='ocr_line' id='line_1_32' title="bbox 148 3318 1074 3400; baseline 0.002 -22"><span class='ocrx_word' id='word_1_212' title='bbox 148 3319 330 3382; x_wconf 90' lang='lat' dir='ltr'><strong>damvoluit</strong></span> <span class='ocrx_word' id='word_1_213' title='bbox 351 3324 385 3383; x_wconf 93' lang='lat' dir='ltr'><strong>ut</strong></span> <span class='ocrx_word' id='word_1_214' title='bbox 405 3320 621 3383; x_wconf 84' lang='lat' dir='ltr'><strong>institueretur</strong></span> <span class='ocrx_word' id='word_1_215' title='bbox 645 3319 792 3400; x_wconf 87' lang='lat' dir='ltr'><strong>quaedam</strong></span> <span class='ocrx_word' id='word_1_216' title='bbox 814 3319 1017 3400; x_wconf 87' lang='lat' dir='ltr'><strong>congregatio</strong></span> <span class='ocrx_word' id='word_1_217' title='bbox 1041 3318 1074 3380; x_wconf 86' lang='lat' dir='ltr'><strong>S.</strong></span> 
     </span>
     <span class='ocr_line' id='line_1_33' title="bbox 148 3415 1141 3496; baseline 0.001 -22"><span class='ocrx_word' id='word_1_218' title='bbox 148 3417 296 3474; x_wconf 84' lang='lat' dir='ltr'><strong>Romanae</strong></span> <span class='ocrx_word' id='word_1_219' title='bbox 319 3417 466 3477; x_wconf 71' lang='lat' dir='ltr'><strong>Ecclesiae</strong></span> <span class='ocrx_word' id='word_1_220' title='bbox 491 3415 713 3493; x_wconf 88' lang='lat' dir='ltr'><strong>cardinalium,</strong></span> <span class='ocrx_word' id='word_1_221' title='bbox 735 3416 819 3480; x_wconf 88' lang='lat' dir='ltr'><strong>diota</strong></span> <span class='ocrx_word' id='word_1_222' title='bbox 837 3415 1078 3478; x_wconf 90' lang='lat' dir='ltr'><strong>seminariorum</strong></span> <span class='ocrx_word' id='word_1_223' title='bbox 1138 3488 1141 3496; x_wconf 70' lang='lat'><strong>,</strong></span> 
     </span>
     <span class='ocr_line' id='line_1_34' title="bbox 148 3506 1073 3590; baseline 0.005 -23"><span class='ocrx_word' id='word_1_224' title='bbox 148 3525 219 3586; x_wconf 83' lang='lat' dir='ltr'><strong>quae</strong></span> <span class='ocrx_word' id='word_1_225' title='bbox 242 3506 389 3570; x_wconf 89' lang='lat' dir='ltr'><strong>citissime</strong></span> <span class='ocrx_word' id='word_1_226' title='bbox 410 3509 651 3572; x_wconf 80' lang='lat' dir='ltr'><strong>seminariorum</strong></span> <span class='ocrx_word' id='word_1_227' title='bbox 673 3511 851 3576; x_wconf 86' lang='lat' dir='ltr'><strong>fundationi</strong></span> <span class='ocrx_word' id='word_1_228' title='bbox 877 3510 1073 3590; x_wconf 84' lang='lat' dir='ltr'><strong>advigilaret.</strong></span> 
     </span>
    </p>
   </div>
   <div class='ocr_carea' id='block_1_6' title="bbox 0 0 1270 4016">
    <p class='ocr_par' dir='ltr' id='par_1_7' title="bbox 0 0 1270 4016">
     <span class='ocr_line' id='line_1_35' title="bbox 0 0 1270 4016; baseline 0 1"><span class='ocrx_word' id='word_1_229' title='bbox 0 0 1270 4016; x_wconf 95' lang='lat' dir='ltr'><strong> </strong></span> 
     </span>
    </p>
   </div>
  </div>
 </body>
</html>
