2504 4024
143 259 199 318 118
351 269 576 316 Insnlcucloncs
597 263 679 316 scats
700 269 856 316 ennonlcl.

141 422 250 476 ternus
265 413 426 474 christiani
441 417 541 474 status
554 413 605 474 vel
618 412 773 492 generalis
787 413 837 474 vel
851 411 994 492 specialis
1002 402 1074 492 pln-

141 511 228 571 ribus
248 508 532 572 modificationibus
553 508 680 568 subesse
701 511 814 586 potest,
836 511 870 570 ut
887 509 938 570 vel
955 507 1074 586 partim

140 607 190 668 vel
205 624 243 666 ex
257 605 379 686 integro
393 605 552 666 minuatur
566 604 616 672 vel
629 604 767 666 tollatur.
813 654 815 658 .

182 701 336 779 Suspeudi
363 700 459 781 igitur
481 705 613 778 possunt
631 699 704 780 jura
728 698 906 761 christiana
929 715 1071 759 commu-

141 794 242 855 nionis
256 794 305 856 vel
319 793 476 871 generalis
491 811 572 874 quoe,
591 811 689 872 quum
707 792 774 854 sola
793 794 949 872 competat
966 792 1066 869 laicis,
1092 797 1094 799 ’

140 890 236 952 sumit
249 907 363 950 nomen
377 888 493 967 speciei
508 891 540 950 ct
558 887 672 950 dicitur
689 888 820 965 laicalis,
841 888 891 950 val
911 889 1066 966 specialis,

140 1005 210 1066 quae
226 985 376 1048 clericalis
391 987 446 1044 est.
472 985 640 1064 suspensio
663 984 731 1046 haec
751 983 784 1045 iu
805 983 1001 1064 primocasu
1021 984 1069 1045 di-

140 1081 220 1143 citur
246 1079 501 1140 excommunicatio
525 1098 594 1159 quae
618 1081 668 1140 vel
692 1079 789 1160 major
810 1079 860 1140 vel
883 1079 978 1140 minor
1001 1084 1066 1155 est,

139 1179 233 1255 prout
246 1175 295 1237 vel
317 1175 456 1236 omnium
477 1175 528 1237 vel
549 1175 726 1255 aliquorum
743 1174 1068 1255 jurium-exercitium

139 1270 312 1351 suspendit.
330 1271 498 1350 Suspensio
512 1274 580 1334 haec
596 1271 627 1331 in
642 1271 779 1332 secundo
793 1288 870 1332 casu
885 1270 1069 1332 dicitursus-

137 1367 246 1446 peresio,
263 1385 333 1446 quae
348 1367 525 1447 parimodo
540 1367 590 1429 vel
604 1366 699 1452 totalis
713 1367 763 1428 vel
776 1365 915 1446 partialis
928 1367 985 1426 est.

179 1465 253 1524 Haec
266 1481 361 1543 poena
379 1463 491 1525 minuit
511 1467 636 1539 statum,
661 1467 815 1543 quatenus
832 1459 964 1538 impedit
981 1477 1068 1520 exer-

139 1555 247 1617 citium
260 1556 342 1617 illius
359 1575 367 1616 :
383 1574 446 1616 non
459 1556 549 1618 tollit.

178 1650 255 1710 Tolli
271 1655 401 1728 pessunt
411 1652 486 1730 jura
500 1651 565 1714 sive
579 1651 734 1732 generalis
749 1670 804 1712 seu
817 1650 906 1713 laicae
926 1669 1068 1712 commu-

71 1762 73 1766 ’
138 1742 250 1821 niueis,
268 1749 299 1807 ct
312 1746 464 1806 clericalis
483 1747 721 1808 communionis.
745 1749 780 1808 In
800 1747 902 1825 primo
924 1763 996 1808 casu
1019 1747 1069 1807 di-

139 1841 219 1902 citur
232 1840 398 1916 anatliema,
414 1841 447 1902 in
461 1840 521 1902 alio
538 1840 652 1904 dicitur
665 1842 805 1922 depositio
818 1843 869 1904 vol
883 1841 1065 1921 depredatio.

177 1933 342 1996 Anetlrerne
377 1939 424 1997 est
450 1953 616 2015 poenarum
645 1937 786 1997 omnium
813 1936 1009 1998 atrocissima
1035 1939 1068 1998 et

138 2047 271 2106 summa,
293 2039 325 2090 et
345 2030 460 2092 dicitur
477 2032 732 2092 eccommenicetie
751 2031 885 2093 mortalis
903 2035 938 2093 ut
955 2051 975 2093 a
992 2032 1068 2092 sim-

135 2126 209 2205 plici
231 2128 552 2190 excommunicatione
575 2128 850 2208 distinguatur,·et
870 2129 1068 2189 excommuni-

134 2225 209 2284 catio
226 2222 266 2284 ed
284 2223 447 2287 interitum.
469 2229 542 2288 Haec
566 2229 712 2304 segregat
735 2224 895 2286 hominem
917 2225 957 2286 ab
981 2224 1065 2286 omui

135 2321 363 2384 communionis
374 2321 458 2402 jure,
473 2325 624 2401 tanquam
638 2321 678 2382 dc
693 2321 831 2382 nonulla
845 2321 979 2399 amplius
992 2337 1066 2398 spos

135 2418 284 2498 affulgeat
310 2416 548 2479 emendationis.
573 2416 725 2478 Iudieitur
739 2411 780 2477 ‘in'
807 2416 971 2478 haereticos
998 2415 1066 2475 uni-

134 2530 252 2588 versos,
279 2515 310 2573 et
331 2513 362 2573 in
391 2531 443 2574 eos
472 2512 524 2592 qui
552 2511 657 2574 claves
685 2513 831 2576 Ecclesia
859 2515 1068 2574 contemnunt

136 2607 274 2682 omnino,
290 2610 321 2668 ct
335 2608 449 2668 suntin
459 2606 527 2685 ipsa
537 2609 859 2672 excommunicatione
870 2609 1062 2688 pervicaces,

135 2702 244 2782 quales
257 2706 331 2761 sunt
344 2701 397 2780 qui
412 2702 477 2762 sine
492 2720 627 2764 moerore
642 2721 830 2782 perannum
844 2705 876 2766 in
887 2722 1066 2765 exeommu-

133 2794 298 2857 nicationis
312 2813 447 2857 censura
459 2797 678 2874 eonstiterunt,
694 2800 906 2877 et'propterea
916 2799 1064 2861 dicuutur

134 2889 355 2954 inserdcseentes
378 2892 409 2952 ie
430 2893 735 2956 excommunicatione.
756 2895 811 2957 Est
834 2912 909 2973 crgo
932 2893 1064 2955 obsoleta

133 2988 278 3068 separatio
291 2987 336 3049 rei
347 2987 472 3068 alr'cep'us
486 2988 618 3048 criminis
631 3008 649 3049 a
663 3007 781 3068 corpore
791 2987 941 3051 Ecclesiae.
954 2991 1061 3051 Status

134 3086 311 3148 christiana
326 3084 553 3147 communionis
566 3085 695 3147 tollitur.

173 3181 317 3261 Depositie
331 3186 378 3244 est
398 3182 510 3262 ejectio
531 3201 587 3243 seu
607 3183 720 3260 positio
742 3183 781 3242 de
800 3181 901 3262 gradu
922 3182 1061 3244 clericali

134 3275 228 3352 uude,
245 3281 276 3339 et
288 3275 462 3357 depredatio
476 3295 495 3338 a
508 3267 666 3340 veteribus
679 3277 861 3341 vocabatur.
884 3279 948 3340 Sed
966 3278 1060 3339 hodie

133 3371 270 3450 depositio
292 3391 312 3432 a
331 3371 537 3453 depredatione
559 3374 759 3454 distinguitur
778 3377 929 3454 tanquam
950 3374 1061 3436 distin·

133 3465 240 3544 guitur
252 3466 421 3544 partialise
437 3468 520 3530 totali
533 3469 643 3548 ejectio
658 3475 690 3532 ct
703 3469 814 3548 positio
834 3470 873 3532 do
895 3473 979 3531 statu
998 3470 1061 3530 cle-
