2530 4016
353 319 392 366 nn
414 319 542 366 cernere
562 321 645 368 rums
667 286 821 370 concolor.
995 311 1053 371 313
1077 355 1078 359 ,

120 467 243 533 Christo
257 465 458 546 regnantium
472 465 675 544 orationihus,
689 470 721 529 et
733 485 753 527 a
766 466 908 530 fidelium
922 470 954 530 in
968 475 1053 534 terra

118 562 321 626 militantium
339 561 494 642 suffragiis
505 561 611 642 juvari
633 568 776 643 possunt,
792 564 893 626 donec
913 567 1052 646 perfecte

116 660 244 740 purgati
257 659 298 721 ad
312 661 463 721 aeternam
477 658 533 720 Dei
547 658 729 721 fruitionem
744 659 962 722 admittantur.

158 755 283 816 Mortua
296 756 403 814 autem
416 751 580 812 hominum
594 768 739 830 corpora,
755 751 829 814 lieet
842 752 875 814 in
890 753 1052 832 pulverem

26 851 28 856 ’
120 853 151 912 at
170 853 289 912 terram
309 846 459 924 resoluta,
484 847 585 910 credit
605 847 747 909 Ecclesia
770 849 976 928 omnipotenti
996 850 1051 910 Dei

118 946 243 1022 virtute,
260 944 396 1006 instante
411 941 521 1006 ultimo
537 946 569 1006 et
581 943 723 1024 generali
736 943 791 1005 Dei
803 943 922 1025 judicic
936 945 1052 1006 iterum

119 1039 324 1102 vivificanda-2
341 1056 403 1118 quo
418 1039 500 1101 facto
515 1057 571 1118 per
585 1043 719 1102 mortem
728 1039 873 1103 resoluta
889 1041 1052 1103 homiuum

119 1136 304 1213 hypostases
327 1135 443 1197 iterum
470 1136 676 1198 restituentur
704 1155 711 1197 :
744 1137 857 1198 animae
882 1137 966 1198 euim
987 1137 1051 1200 suis
1130 1144 1132 1150 ’

119 1230 301 1309 corporibus
315 1229 550 1310 conjungentur
559 1235 591 1293 ct
601 1231 640 1292 de
650 1231 764 1294 auimae
778 1231 878 1312 gloria
891 1233 943 1294 vel
955 1251 1051 1313 poena

117 1344 174 1404 pro
197 1345 255 1388 sua
276 1326 456 1388 conditione
479 1327 731 1407 participabunt,
753 1333 796 1389 ut.
809 1327 890 1390 sicut
918 1329 1049 1409 integrae

117 1440 258 1501 persona
281 1422 341 1485 fuit
361 1423 528 1503 proprium·
545 1423 694 1487 meritum
715 1428 771 1486 aut
790 1423 989 1501 demeritum,
1005 1424 1050 1486 ita

118 1522 149 1580 et
161 1519 293 1601 integrae
307 1537 452 1600 persona
466 1519 596 1601 propria
609 1520 665 1582 fiat
682 1523 738 1581 aut
758 1519 859 1600 gloria
872 1527 927 1582 aut
940 1537 1046 1601 poena.

157 1617 254 1676 Porro
269 1615 322 1695 pia
335 1616 435 1679 Mater
457 1615 607 1694 Ecclesia,
624 1634 695 1696 quae
718 1631 844 1677 omnem
867 1633 976 1677 curam
990 1615 1050 1676 im-

117 1708 227 1786 pendit
239 1714 274 1770 ut
288 1708 491 1771 sacramentis
501 1709 611 1772 fideles
620 1727 694 1771 suos
704 1709 809 1791 quoad
820 1710 940 1787 vivunt,
956 1726 1049 1771 sanc·

117 1801 224 1879 tiiicet,
239 1801 273 1862 in
293 1801 354 1880 piis
376 1801 569 1864 orationibus
592 1802 762 1864 morientes
785 1799 935 1881 adjuvet,
947 1801 972 1861 si
994 1801 1047 1880 qui

118 1901 192 1960 sunt
205 1897 261 1978 qut
283 1898 316 1959 in
330 1898 378 1959 sui
402 1897 620 1960 communione
635 1901 668 1959 et
689 1916 768 1978 pace
788 1898 975 1973 moriuntur,
993 1913 1049 1974 cp-

117 1995 193 2057 timo
204 1993 277 2074 jure
296 1998 532 2074 praesumuntur
552 1994 585 2055 in
598 1996 682 2057 statu
705 1993 867 2056 charitatis
886 1993 918 2053 in
941 1992 1048 2054 osculo

116 2091 202 2170 pacis
216 2090 340 2152 Domini
362 2091 534 2166 decedere3
550 2091 682 2171 proinde
697 2107 764 2151 uon.
779 2090 955 2152 intermittit
975 2106 1048 2150 suas

116 2202 207 2246 ouras
234 2191 306 2264 post
318 2184 443 2246 illorum
463 2185 642 2262 transitum,
667 2183 723 2245 sed
745 2182 868 2260 funera,
886 2180 1045 2261 exequias,

115 2283 266 2361 suffragia
278 2285 370 2362 parat
388 2285 423 2343 ut
444 2281 599 2344 defunctis
619 2275 788 2342 'animabus
808 2279 946 2342 filiorum
975 2292 1048 2340 suo·

114 2391 186 2436 rum
199 2375 333 2455 gloriam
346 2371 518 2437 sollicitura
530 2379 680 2453 procuret
695 2391 702 2434 :
719 2372 857 2436 tumulos
872 2389 927 2432 scu
942 2369 1048 2450 sepul-

115 2487 171 2531 cra
184 2473 275 2550 parat
288 2475 324 2533 ut
336 2471 462 2532 illorum
475 2487 610 2551 corpora
624 2468 791 2547 custodiat,
808 2486 878 2550 quae
894 2470 1001 2547 sperat
1015 2466 1047 2526 in

115 2568 178 2627 tine
193 2567 301 2629 mundi
321 2569 363 2630 ad
375 2567 510 2649 gloriam
531 2586 599 2629 esse
617 2569 844 2630 resurrectura.
861 2567 945 2646 Ergo
961 2563 1047 2644 capi-

115 2662 216 2724 tulum
230 2664 290 2728 hoc
304 2682 362 2726 sua
375 2672 488 2745 sponte
502 2663 662 2727 dividetur
673 2664 706 2723 iu
720 2663 801 2724 duos
815 2662 1044 2743 paragraphus.

390 2843 402 2892 ε
417 2837 438 2884 1.
453 2850 481 2884 nr
495 2849 602 2890 rxrourrs
618 2849 770 2886 uerrucauu.

153 2947 250 3012 XVII.
264 2948 374 3029 ltaque
388 2948 441 3011 vix
454 2967 492 3009 ac
515 2951 639 3029 tempus
661 2948 803 3027 elapsum
824 2947 865 3009 sit
887 2945 1046 3006 sufficiens

112 3060 175 3123 quo
191 3044 230 3104 de
244 3062 322 3107 vera
343 3051 444 3106 morte
459 3045 588 3128 pullum
612 3045 744 3106 dubium
766 3060 834 3103 esse
858 3041 966 3121 possit,
983 3041 1046 3100 ins-

112 3139 229 3201 truitur
241 3140 389 3202 solemnis
400 3141 565 3204 comitatus
580 3140 765 3202 clericorum
784 3139 825 3201 ad
841 3155 935 3218 quem
950 3135 1043 3197 hodie

112 3235 308 3298 advocantur
335 3236 431 3299 etiam
444 3236 540 3299 frates
554 3235 769 3301 Meudicantes
784 3237 816 3296 et
838 3231 1045 3306 confraterni-

112 3335 193 3394 tates
206 3332 368 3411 laicorum,
385 3334 439 3415 qui
453 3334 575 3396 deierat
588 3333 725 3395 cadaver
739 3332 780 3393 ad
802 3331 976 3393 Ecclesiam
990 3329 1046 3390 ubi

111 3424 205 3487 debet
228 3427 387 3490 tumulari.
404 3429 484 3489 Huic
507 3445 631 3508 pompae
654 3427 790 3504 iunehri,
816 3444 885 3507 quae
912 3425 951 3486 de
971 3424 1044 3505 jure

111 3521 236 3598 publica
261 3523 493 3601 quodammodo
512 3527 559 3588 est
586 3531 618 3586 ct
640 3541 803 3604 nunquam
816 3522 985 3672 negligitgur
1001 3521 1045 3601 (et

199 3633 265 3672 uon.
285 3632 316 3673 11.
924 3622 935 3673 l
