2504 4024
374 275 413 324 nn
435 277 563 338 obsecro
583 281 665 326 rurus
688 279 842 329 esnoorcr.
1016 273 1071 330 167

140 441 209 505 quae
224 425 251 484 si
264 423 374 486 luisset
387 425 531 504 pravius,
548 442 612 486 non
633 423 765 487 fuissent
785 427 891 504 sponsi
911 427 943 488 in
965 429 1075 490 metri-

138 520 280 581 monium
294 521 496 594 consensuri;
512 525 544 582 4⁰
560 522 726 584 oscitantia
739 522 919 585 celebrandi
929 528 1071 606 tempore

138 616 291 696 legitimo.

177 715 216 773 A.
233 746 276 758 -
288 711 333 774 De
348 719 447 774 mutuo
460 712 599 775 dissensu.
615 714 742 776 Mutuus
756 715 915 777 dissensus
929 717 1072 780 conside-

139 813 201 872 rari
214 815 319 893 potest
334 816 364 874 l⁰
379 813 419 874 ab
433 813 521 876 initio
537 816 729 888 contractum
746 819 778 876 2⁰
791 818 1071 894 postcontractum

138 908 324 986 perfectum.
974 912 978 919 '

177 1008 209 1064 1⁰
228 1005 278 1064 Ab
298 1005 382 1065 initio
400 1012 564 1066 contractus
585 1007 715 1068 solvitur
735 1012 844 1070 mutuo
866 1007 1021 1080 dissensu,
1045 1008 1070 1068 si

139 1100 276 1162 conditio
301 1105 456 1162 convente
477 1101 534 1180 sit,
556 1103 606 1164 vel
628 1104 694 1165 dies
715 1103 857 1184 adjectus
880 1103 1070 1182 perimendae

139 1195 339 1276 obligationis
354 1215 460 1260 cause.
992 1205 997 1216 '

176 1292 211 1351 ln
234 1293 433 1370 sponsalibus
456 1293 657 1373 impuberum
676 1293 760 1355 inest
779 1294 877 1355 tacita
898 1294 1035 1355 conditio
1062 1314 1068 1354 :

22 1421 23 1468 3
139 1386 196 1446 nisi
210 1386 284 1447 lacti
307 1389 443 1466 puberes
461 1389 661 1450 resiliverinl.
679 1388 770 1449 Ratio
789 1397 837 1448 est
851 1387 962 1467 judicii
977 1388 1071 1447 lubri-

139 1481 216 1541 citas
241 1486 272 1543 et
292 1481 512 1546 inconstantia.
536 1485 583 1545 lta
602 1483 634 1544 vi
654 1483 748 1564 legis,
773 1484 891 1544 habent
911 1482 1070 1562 adjectum

138 1576 219 1638 diem
234 1578 444 1658 adimplendo
460 1580 659 1659 obligationis
673 1599 780 1658 causa,
799 1579 943 1643 videlicet
957 1578 1071 1658 puber·

22 1649 23 1670 i
138 1679 244 1736 tatem.
311 1727 314 1731 .

174 1775 206 1832 2⁰
221 1772 298 1832 Post
311 1771 415 1832 initum
430 1781 631 1834 contractum:
652 1773 809 1853 siquidem
832 1773 875 1834 nil
894 1777 960 1836 tam
981 1775 1068 1834 natu·

137 1867 200 1928 ralc
215 1869 264 1928 est
278 1871 313 1929 ut
326 1887 377 1928 res
392 1887 429 1930 eo
444 1870 538 1930 modo
554 1889 616 1950 quo
631 1871 778 1950 colligata
792 1877 850 1946 cst,
867 1870 1067 1944 dissolvatur,

137 1963 308 2025 dnmmodo
332 1983 395 2026 non
417 1966 462 2027 ila
484 1965 582 2045 ligate
605 1968 662 2043 est,
688 1971 723 2030 ut
746 1965 823 2028 solvi
848 1965 983 2048 amplius
1006 1982 1069 2046 non

136 2061 242 2137 possit,
260 2061 555 2123 ut'matrimonium.
579 2061 716 2124 Proinde
735 2080 844 2124 omnes
863 2061 1069 2140 obligationes

138 2174 206 2235 quoe
220 2161 332 2219 mutuo
347 2174 501 2218 consensu
516 2158 760 2233 contrahentur,
778 2157 808 2217 ni
824 2174 914 2217 secus
935 2161 1066 2231 constet,

136 2256 243 2312 mutuo
259 2251 402 2314 dissensu
418 2254 592 2316 solvuntur.

173 2347 357 2409 Dubitetum
373 2352 472 2411 eston
494 2349 616 2429 possint
636 2354 745 2412 mutuo
767 2365 920 2410 consensu
941 2346 1066 2408 dissolvi

135 2444 293 2520 sponsalia
300 2445 471 2524 juramento
485 2446 630 2508 firmata?

174 2535 238 2598 Sed
252 2555 324 2600 cum
336 2536 560 2618 jusjurandum
575 2555 637 2599 non
652 2538 797 2599 immutet
815 2539 961 2598 naturum
979 2539 1067 2597 actus

135 2633 183 2693 cui
197 2633 324 2710 accidit,
341 2633 366 2694 si
382 2635 513 2696 accedat
526 2635 650 2696 solubili
666 2635 860 2714 obligationi,
878 2633 987 2694 obesse
1003 2650 1066 2693 non

133 2733 237 2807 potest
251 2730 418 2808 quominus
432 2731 583 2808 solvetur,
599 2731 674 2793 lieet
687 2733 712 2792 si
727 2751 790 2794 non
809 2733 958 2809 solvatur,
978 2731 1068 2812 jure-

134 2823 230 2883 menti
245 2822 396 2902 religione
414 2823 510 2884 etiam
529 2823 707 2886 detineatur
721 2825 774 2904 qui
786 2823 906 2904 juravit
919 2827 954 2883 ut
968 2822 1066 2882 adim-

134 2917 228 2994 pleat.

172 3013 308 3074 Remitto
324 3015 430 3074 autem
443 3015 598 3093 superiori
611 3014 784 3094 disciplinae
805 3014 1010 3093 quaestionem
1025 3029 1065 3072 an

130 3108 352 3188 jusjurandum
366 3110 536 3189 aliquando
552 3129 613 3173 non
629 3101 840 3173 accessorium
854 3107 1066 3187 sit‚sedp1in-

133 3206 246 3284 cipale;
265 3207 325 3268 hoc
340 3209 424 3268 enim
438 3209 603 3270 excederet
612 3210 726 3270 limites
740 3207 983 3269 Institutionum.

170 3303 206 3364 Β.
222 3337 264 3348 -
278 3303 519 3380 Impedimectom
533 3305 746 3384 superueniens.
763 3305 798 3364 ln
811 3320 927 3383 genere
939 3305 1064 3382 quando

133 3417 180 3462 res
193 3399 306 3462 incidit
321 3400 353 3460 in
369 3419 441 3464 eum
455 3419 564 3463 casnm
578 3420 597 3462 a
611 3418 674 3479 quo
688 3400 827 3478 incipere
847 3419 909 3461 non
928 3405 1062 3480 poterat,

132 3498 290 3576 sponsalia
303 3498 484 3571 solvuntur3
502 3498 589 3578 atqui
604 3515 676 3559 cum
694 3497 921 3577 impedimento
940 3500 980 3558 ad
1000 3515 1065 3557 ms-
