2476 4022
130 231 170 290 lo
338 240 668 290 rusr1ror1ouasrua1s
691 240 845 289 cauomcr.

436 415 600 462 surrectus
622 415 743 460 rursus,

376 521 630 584 accasamentis
645 523 676 582 in
689 539 804 604 pacm.
829 522 832 528 ’

305 675 317 722 g
332 669 353 713 1.
367 682 394 714 nr
410 678 505 714 caroius
519 680 548 713 er
563 679 658 714 urruns
672 680 885 716 sncsaunaronors.

167 783 191 842 1.
217 779 315 860 Ortpo.
341 781 462 844 Placuit
491 781 612 844 Christo
636 781 767 844 Domino
791 781 836 844 sic
859 782 993 846 visibilia
1015 786 1058 848 ed

127 877 293 940 invisibilia
304 876 449 939 ordinare
460 881 494 940 ut
503 877 638 940 visibilia
648 896 710 940 non
720 883 843 940 tantum
854 871 1057 942 invisibilium

126 973 348 1052 mysteriorum
369 976 473 1035 essent
493 977 629 1036 externae
649 973 892 1052 significationes
911 978 1056 1038 externe-

127 1087 187 1150 que
202 1069 328 1145 indicis,
345 1069 510 1130 sedetiam
525 1071 565 1132 od
580 1069 719 1131 internae
733 1071 886 1150 quasdem
900 1073 1056 1151 operatio·

126 1182 182 1227 nes
195 1182 252 1244 pro
267 1164 431 1226 hominum
444 1164 690 1228 sanctificatione
700 1164 919 1244 producendas
929 1167 1056 1230 ordine-

125 1268 244 1324 rentur.
263 1265 329 1324 Hoc
343 1262 418 1324 fecit
430 1263 618 1324 assumendo
633 1263 786 1343 quosdam
800 1264 889 1341 ritus,
902 1266 1055 1344 quaedam

125 1374 237 1436 praxea
259 1376 313 1419 seu
335 1361 479 1420 externae
498 1358 648 1434 actiones,
665 1376 832 1437 corporeas
851 1364 883 1420 et
902 1360 1051 1436 visibiles,

125 1471 195 1532 quae
210 1453 249 1513 de
264 1473 297 1514 se
312 1472 375 1515 non
390 1453 450 1515 nisi
465 1453 600 1514 externis
615 1456 646 1515 et
659 1453 833 1516 visibilibus
850 1454 945 1514 rebus
958 1455 1055 1534 signi-

123 1548 256 1610 ficandis
270 1548 401 1611 fuissent
413 1549 547 1626 idoneae,
560 1567 676 1629 easque
687 1549 879 1611 sublevando
894 1551 934 1611 ad
949 1552 1009 1614 hoc
1019 1554 1055 1613 ut

123 1641 370 1721 supernaturalis
404 1642 514 1721 gratie
556 1643 808 1705 distributionem
842 1642 1053 1722 significarent

124 1755 256 1818 eumque
279 1755 335 1816 pro
359 1737 452 1800 modo
477 1757 541 1800 suae
569 1737 805 1818 significationis
829 1738 1050 1816 producerent.

123 1837 251 1914 Septem
265 1839 371 1898 eutem
384 1834 510 1898 fuerunt
529 1834 709 1915 hujusmodi
727 1835 805 1896 ritus
824 1835 877 1914 qui
897 1837 1051 1898 constanti

122 1928 290 1990 traditione
305 1931 372 1990 tum
384 1927 417 1986 in
431 1927 530 1989 latina
542 1931 611 1990 tum
624 1927 656 1988 in
670 1943 775 2005 graeca
788 1926 928 1988 Ecclesia
938 1926 1051 1988 retenti

123 2027 205 2086 sunt.

162 2121 201 2180 ll.
216 2121 336 2180 Horum
348 2118 464 2180 rituum
483 2125 591 2178 notura
611 2117 739 2197 (quippe
756 2117 789 2177 in
808 2116 959 2178 relatione
979 2135 1051 2178 cou-

120 2205 201 2269 sistit
214 2225 309 2286 quam
324 2205 399 2268 dicit
412 2207 564 2269 terminus
580 2206 711 2267 visibilis
725 2206 766 2267 ad
784 2208 952 2269 terminum
970 2209 1051 2270 invi-

120 2301 254 2382 sibilem)
276 2309 311 2362 ut
330 2302 567 2378 determinetur,
591 2305 715 2380 oportet
738 2308 772 2363 ut
790 2305 946 2364 statuetur
964 2322 1050 2382 quaa·

120 2414 193 2458 uem
207 2399 247 2458 sit
262 2398 375 2457 natura
387 2395 513 2456 termini
526 2394 668 2470 visibilis,
681 2396 793 2455 natura
806 2393 932 2454 termini
945 2393 1050 2456 invisi-

118 2490 199 2566 bilis,
217 2488 344 2550 demum
358 2493 472 2549 natura
485 2487 646 2550 relationis
660 2487 743 2548 inter
757 2490 935 2567 utrumque.

160 2587 190 2645 1ο
204 2586 322 2646 Natura
343 2584 468 2645 termini
489 2583 610 2644 visibilis
628 2589 898 2644 sacramentorum
918 2583 1051 2644 resultat

118 2699 156 2741 ex
177 2681 385 2761 applicatione
408 2679 630 2741 nonnullorum
650 2679 820 2742 verborum
842 2679 968 2740 cuidam
989 2679 1046 2741 rei.

118 2777 208 2840 Unde
222 2777 327 2840 aiebat
340 2776 534 2856 Augustinus
550 2796 557 2837 ε
575 2775 697 2839 accedit
710 2776 842 2838 verbum
856 2776 898 2836 ad
912 2777 1049 2837 elemen-

117 2874 184 2934 tum
199 2877 231 2936 et
245 2875 279 2936 fit
293 2879 534 2934 sacramentum.
553 2874 626 2933 Haec
640 2890 702 2948 res,
719 2871 794 2952 quia
806 2871 1048 2933 indeterminata

117 2970 164 3029 est
179 2985 235 3044 per
249 2985 282 3026 se
297 2972 423 3045 sumpta
437 2965 469 3027 in
483 2984 599 3046 genere
614 2965 860 3046 significationis,
876 2985 896 3026 a
912 2965 1047 3026 scholas-

115 3058 196 3134 ticis,
214 3059 309 3120 ducta
322 3059 468 3138 analogia
483 3077 521 3119 ex
535 3060 572 3120 iis
592 3077 661 3138 qnae
680 3058 825 3120 tradebat
843 3058 1048 3136 peripatetica

116 3153 316 3232 philosophia
330 3153 435 3235 quoad
450 3160 594 3217 naturam
608 3154 730 3234 physici
746 3155 919 3232 compositi,
934 3156 1047 3215 vocata

116 3247 163 3304 est
181 3246 324 3305 materies.
343 3247 447 3310 Verba
464 3255 580 3324 autem,
594 3266 663 3326 quae
681 3247 892 3308 determinant
907 3265 975 3312 rem
989 3265 1045 3308 eeu

116 3339 280 3401 materiam
293 3340 325 3400 in
339 3343 559 3423 generepsigni,
572 3347 764 3404 vocaverunt
776 3343 915 3421 formam,
928 3343 1044 3423 quippe

114 3435 226 3514 forme,
249 3436 340 3518 juxte
362 3439 506 3500 eamdem
528 3439 774 3518 philosophiam,
806 3439 860 3501 dat
888 3457 957 3501 esse
985 3439 1043 3500 rei.
1122 3450 1126 3456 '
1184 3445 1188 3452 '
