2530 4016
398 236 438 297 ns
458 251 586 298 errrore
607 252 689 298 rums
712 252 866 299 ornemur.
1037 242 1095 302 279
1198 261 1200 266 ·

490 393 510 436 1.
524 393 555 438 lta
565 393 621 438 festo
633 393 765 438 Nativitatia.

203 494 311 556 XXVI.
330 494 415 554 Inter
428 492 632 554 solemniores
646 491 713 552 dies
729 509 808 571 quos
832 492 971 556 celebrat
984 496 1093 557 Eccle-

118 659 122 666 ,
163 592 220 666 sia,
237 589 377 668 prolecto
393 607 472 648 unus
494 587 547 648 ille
567 591 615 648 est
634 607 695 667 quo
711 589 926 649 anniversaria
949 592 1094 653 recorda·

162 687 246 746 tione
262 683 460 745 concelebrat
473 682 680 744 lesu-Christi
703 683 874 744 salvatoris
896 685 994 745 nostri
1008 686 1092 746 Nati-

162 782 308 856 vitatem,
339 796 435 859 quam
463 779 567 857 signat
595 779 645 840 die
677 782 728 840 25⁰
759 777 934 840 decembris
964 780 1094 859 singulis

162 895 262 938 anms.
719 925 720 928 ,

197 973 258 1035 'Hie
272 976 378 1034 autem
391 989 457 1050 prae
481 970 605 1033 coeteris
619 969 705 1032 festis
720 969 815 1034 babet
836 970 990 1051 majorem
1013 972 1094 1033 rela-

162 1069 279 1128 tionem
294 1084 366 1127 cum
380 1067 488 1127 ordine
504 1065 679 1128 kalendarii
694 1065 907 1142 ecclesiastici,
929 1067 1012 1148 quod
1034 1068 1093 1128 ini-

162 1164 238 1224 tium
259 1163 334 1224 anni
357 1163 557 1224 ecclesiastici
586 1163 740 1242 designat.
759 1163 841 1224 Sane
861 1166 933 1223 oum
953 1163 1094 1226 Ecclesia

162 1278 258 1322 annos
274 1261 433 1338 computet
447 1259 487 1320 ab
506 1258 722 1319 incarnatione
738 1258 873 1334 Domini,
892 1276 1022 1338 aequum
1035 1259 1094 1322 luit

161 1359 195 1418 ut
223 1357 264 1418 ab
295 1356 436 1436 ejusdem
462 1353 689 1432 Incaruationis
724 1353 849 1414 Domini
878 1355 1094 1418 anniversarie

160 1451 455 1514 commemoratione
483 1468 540 1530 pro
556 1449 773 1511 ecclesiasticis
789 1449 898 1511 officiis
913 1467 1031 1510 annum
1044 1451 1093 1510 in-

160 1549 298 1609 choaret.
317 1547 378 1610 Sed
403 1564 475 1606 cum
493 1544 696 1607 ecclesiastici
719 1545 814 1607 moris
841 1545 881 1607 sit
902 1547 1092 1627 quibusdam

159 1645 398 1720 solemnioribus
412 1641 631 1704 festivitatibus
646 1643 800 1722 quosdam
822 1643 889 1703 dies
904 1644 1092 1724 piaeprepa-

159 1739 289 1802 rationis
313 1736 521 1816 praemittere,
553 1736 741 1817 illarumque
772 1737 889 1816 gaudia
917 1737 1093 1817 spiritualia

157 1839 189 1896 in
203 1835 308 1913 plures
329 1838 495 1915 sequentes
510 1834 576 1895 dies
597 1834 792 1912 protrahere,
811 1835 865 1920 qui
888 1833 954 1896 dies
969 1833 1020 1896 vel
1037 1854 1091 1896 an-

157 1933 336 1994 tecedentes
353 1931 403 1993 vel
418 1932 656 2010 consequentes,
669 1928 761 2008 juxta
780 1927 928 1990 Ecclesiae
946 1929 1090 1991 intentio-

158 2049 230 2091 nem
244 2047 341 2090 uuum
357 2026 432 2107 quid
439 2027 558 2087 morale
573 2025 737 2086 aliermont
752 2043 824 2085 cum
838 2025 1035 2088 solemnitate
1050 2027 1090 2086 ed

158 2145 253 2207 quam
274 2126 470 2200 ordinantur,
496 2141 559 2183 non
578 2121 709 2200 praecise
728 2139 746 2181 a
766 2120 1088 2196 dissuescamus,

156 2215 212 2274 sed
238 2232 258 2274 a
289 2213 399 2273 diebus
427 2211 666 2291 preparationis
697 2227 767 2292 quae
799 2211 872 2273 huic
900 2212 1091 2275 solemnitati

156 2309 398 2388 praemittuntur,
414 2307 525 2386 incipit
542 2325 661 2367 annum
672 2307 929 2389 ecelesiastioum.
1182 2382 1185 2388 Ι

195 2405 267 2466 lam
289 2422 363 2465 vero
385 2405 418 2465 hi
438 2405 508 2490 dies
529 2404 583 2484 qui
605 2403 644 2464 ob
666 2403 968 2470 solemnitatem.ad
994 2423 1090 2484 quam

156 2499 336 2578 disponunt,
353 2498 415 2560 diei
428 2497 530 2560 solent
539 2497 607 2558 dies
620 2497 700 2558 sacri
712 2497 885 2575 Adrestae,
898 2518 960 2561 non
972 2500 1092 2561 habent

156 2596 188 2654 in
209 2593 399 2655 kalendariis
427 2611 594 2654 numerum
618 2592 872 2672 determinatum,
900 2596 955 2657 sed
980 2615 1090 2658 eorum
1112 2623 1122 2646 ι
1197 2616 1199 2620 ·

157 2682 338 2752 numerus'a
351 2691 456 2754 littera
471 2688 650 2751 dominicali
665 2689 832 2770 dependet.
851 2695 931 2755 Nam
950 2695 1089 2756 lloolesia

156 2804 212 2863 pro
227 2803 284 2847 suo
299 2804 386 2848 more
402 2784 605 2865 computandi
621 2786 661 2847 de
676 2786 834 2849 dominica
843 2789 876 2848 in
884 2789 1086 2864 dominicam,

157 2885 291 2964 quatuor
301 2882 474 2944 dominicas
484 2881 551 2944 vult
566 2882 726 2946 Nativitati
736 2885 860 2945 Domini
875 2885 1086 2962 praemittere:

155 2984 278 3057 tempus
293 2978 325 3039 in
339 2978 376 3040 iis
391 2979 655 3058 comprehensum
670 2983 704 3040 ut
718 2983 842 3056 tempus
858 2981 890 3040 S.
912 2979 1084 3040 Adventus.

156 3075 219 3136 Sed
238 3075 466 3136 dominicarum
480 3075 572 3137 citior
593 3074 644 3135 vel
658 3075 778 3146 tardior
792 3092 938 3135 recursus
954 3091 1010 3152 pro
1035 3093 1088 3135 va·
1146 3096 1151 3104 ·

155 3170 266 3233 dstote
292 3173 468 3235 litterarum
496 3169 731 3232 dominicalium
758 3170 883 3232 aooidit.
915 3173 998 3250 Ergo
1029 3189 1087 3251 pro

155 3267 248 3328 variis
262 3267 372 3331 litteris
389 3265 627 3329 dominicalibus
644 3265 676 3326 S.
701 3253 875 3344 Adventus,
892 3268 1015 3342 tempus
1037 3266 1086 3326 vel

155 3365 349 3441 protrahitur
363 3364 412 3427 vel
428 3362 635 3426 contrabitur.

196 3462 278 3522 Sane
293 3459 396 3523 littera
417 3457 610 3542 respondens
628 3457 659 3520 in
676 3458 866 3524 kalendariis
894 3459 957 3524 diei
974 3462 1012 3523 25
1032 3460 1087 3520 de-
