2504 4024
374 316 414 360 nu
435 312 565 360 orreoro
584 313 667 361 mars
689 313 842 363 osrourer.
1034 309 1071 367 8⁸1

137 461 266 525 irritant
288 462 321 522 et
343 459 587 520 sacramentum.
612 460 648 520 ln
671 457 868 522 ordinatione
891 478 982 539 vero,
1000 461 1072 525 lieet

139 556 311 639 prohibeat
327 573 367 616 ne
382 555 453 634 quis
474 553 635 633 suscipiat,
651 554 701 615 vel
722 571 762 614 ne
782 554 834 614 oui
855 555 947 617 detur
967 575 1073 634 soora-¹

139 656 294 729 mentum,
311 651 356 712 nil
370 650 450 712 tollit
465 650 503 711 de
518 650 580 711 ritu
599 650 830 727 sacramentali,
847 668 908 730 quo
929 653 984 715 liat
1004 655 1073 715 irri-

138 753 208 813 tum
232 750 479 810 sacramentnm.
506 745 577 820 Ouoe
600 750 698 804 uetant
724 744 917 804 ministerium
941 745 1069 809 ordinis:

140 844 201 904 hoo
222 841 309 902 enim
330 845 378 901 est
397 837 558 918 objectum
573 835 582 874 ¹
598 836 727 912 horum,
743 841 777 899 et
797 854 854 914 per
877 854 1072 917 consequens

142 935 260 999 motois
280 935 369 996 etium
389 932 608 1013 susceptionem,
626 949 723 1011 quum
744 932 884 994 Ecclesia
904 931 982 995 nolit
1003 951 1072 1012 pro·

141 1027 355 1090 movereillos
369 1026 423 1106 qui
437 1025 479 1086 ad
493 1035 583 1087 saera
597 1023 700 1086 otiloia
713 1025 867 1087 inhabiles
882 1025 954 1087 sint.

179 1121 370 1202 liujusmodi
397 1125 504 1184 antem
530 1119 760 1183 inhabilitatem
783 1121 825 1182 ad
848 1137 939 1184 saera
965 1123 1073 1184 munia

142 1217 283 1281 Euolesia
296 1216 507 1297 apprehendit
520 1233 577 1295 per
591 1217 734 1278 ordinem
748 1216 790 1277 ad
804 1215 951 1278 decorem
964 1219 1073 1280 minis-

142 1315 286 1378 trationis
302 1330 464 1378 saororum
478 1317 510 1374 et
523 1315 623 1375 status
637 1312 789 1374 elerioalis
801 1331 808 1374 ε
821 1313 882 1375 hoo
896 1317 1002 1376 autem
1017 1315 1074 1376 du·

143 1411 213 1490 plioi
229 1429 268 1472 ex
282 1409 379 1486 fonte,
395 1407 544 1470 videlieet
555 1426 593 1469 ex
606 1407 710 1469 delirio
724 1410 755 1469 et
769 1425 807 1468 ex
820 1407 942 1488 deserta.

182 1503 303 1566 Delicta
317 1519 388 1583 qnae
401 1501 666 1582 irregularitatem
678 1502 850 1580 importent
862 1506 955 1563 sunt:
973 1504 1005 1564 1⁰
1015 1503 1073 1564 Vel

145 1613 214 1676 quae
241 1597 336 1657 reotae
365 1597 566 1672 opponuntur
599 1593 859 1656 administrationi
892 1611 1070 1672 mororum,

143 1696 174 1752 2⁰
188 1689 246 1754 Vel
261 1705 332 1770 qua
353 1688 516 1752 infamiam
530 1689 681 1768 irrogant,
699 1693 730 1753 et
743 1695 945 1770 opponuntur
965 1691 1073 1754 deeori

144 1784 262 1848 ordinis
276 1783 441 1846 elerioalis.

183 1878 283 1942 Primi
299 1879 412 1960 penso
430 1884 523 1942 sunt:
541 1882 573 1942 1⁰
587 1880 715 1942 heresis
729 1883 761 1942 et
773 1883 942 1959 apostasia,
957 1880 1074 1960 pradi-

144 1975 276 2038 oationis
288 1977 414 2037 muneri
429 1976 595 2061 oppositam
608 1981 640 2036 2⁰
653 1976 777 2038 iteratio
791 1976 999 2056 baptismatis,
1016 1994 1079 2056 op-.

142 2073 244 2152 posita
259 2070 420 2132 eanonioae
436 2071 624 2133 saoramenti
639 2071 916 2149 administrationi;
928 2076 962 2134 3⁰
971 2074 1074 2134 homi·

142 2166 259 2228 oidium
273 2165 323 2226 vel
336 2165 490 2227 mutilatio
505 2167 610 2247 aliquo
629 2167 723 2229 modo
738 2168 912 2246 culpabilis,
929 2170 1073 2248 opposita

142 2245 306 2325 ineruento
327 2261 501 2325 sanerdotio
524 2266 555 2324 et
575 2261 728 2324 saorifioio
750 2263 787 2322 N.
804 2264 857 2336 L.;
874 2267 907 2324 4⁰
927 2265 1073 2342 quadarn

142 2357 258 2420 deliota
271 2357 304 2418 in
318 2357 451 2419 materia
471 2355 589 2420 ordinis
611 2358 739 2438 indigne
760 2358 896 2438 suseepti
916 2358 966 2419 vel
987 2376 1073 2419 exer-

27 2497 31 2506 .
142 2453 203 2530 oiti,
221 2467 292 2532 quae
317 2468 334 2511 e
358 2449 511 2512 diametro
533 2448 673 2530 legitimo
694 2453 726 2514 S.
749 2450 874 2512 Ordinis
900 2449 1072 2511 ministerio

142 2549 360 2627 opponentem
372 2549 485 2626 tiques
502 2545 615 2608 deliota
628 2551 704 2609 tuno
718 2545 921 2626 potissimum⁴
930 2544 1073 2607 oonside-

142 2647 262 2721 rantur,
280 2642 406 2722 quando
421 2645 454 2704 et
467 2661 608 2704 sensurae
623 2643 826 2705 violationem
846 2644 1018 2724 important
1032 2643 1072 2704 oh

63 2727 65 2732 ’
141 2738 466 2800 insuhordinationem
480 2739 658 2802 auotoritati
673 2738 902 2802 eoelesiastioae.

179 2834 312 2896 Secundi
322 2836 435 2914 poneris
449 2835 564 2897 delicta
578 2840 651 2897 sunt
661 2854 698 2897 ex
714 2836 826 2916 quibus
841 2837 981 2898 nascitur
993 2835 1073 2896 inia-

142 2929 204 2991 mia
221 2928 288 2992 sive
308 2929 389 3010 juris
408 2932 474 2992 sive
498 2930 582 2993 lauti.
600 2933 701 3009 Fasti,
719 2922 789 3012 ques
815 2932 900 2992 nullo
923 2931 1001 3008 legis
1022 2929 1073 2990 vel
1133 3000 1139 3017 .

138 3025 251 3105 judicis
272 3026 446 3089 ministerio
470 3045 508 3088 ex
530 3029 600 3108 ipsa
612 3029 799 3094 notorietato
818 3027 923 3109 gravis
938 3025 1072 3105 alioujus

170 3209 267 3259 trinu
280 3209 361 3274 hujus
374 3210 564 3274 impedimenti
579 3205 621 3263 est
630 3213 712 3264 deous
726 3223 878 3272 saeuorum
894 3209 1015 3274 objectum
1032 3212 1073 3259 est

141 3288 325 3340 ministerium
339 3289 509 3354 proindeque
528 3289 766 3356 inaugurationem
783 3289 818 3340 od
836 3288 904 3339 illud
920 3289 978 3339 sive
999 3287 1073 3339 iliius

142 3367 307 3428 exereitnms
317 3367 457 3432 subjeetum
466 3371 570 3431 autem,
585 3367 701 3431 quilibet
712 3367 759 3430 qui
769 3366 813 3416 vel
826 3380 858 3416 ex
870 3367 969 3418 delicto
981 3367 1025 3418 vel
1039 3380 1073 3416 ex

141 3445 245 3496 deiectu
260 3445 290 3495 in
304 3459 336 3496 eo
350 3447 423 3498 stetu
437 3447 482 3509 sit,
501 3457 555 3509 quo
570 3457 707 3498 sacrorum
720 3443 903 3497 ministerium
919 3447 1010 3510 ipsum
1023 3445 1071 3494 de-

143 3523 245 3575 deceat.
