<?xml version="1.0" encoding="UTF-8"?>
<!DOCTYPE html PUBLIC "-//W3C//DTD XHTML 1.0 Transitional//EN"
    "http://www.w3.org/TR/xhtml1/DTD/xhtml1-transitional.dtd">
<html xmlns="http://www.w3.org/1999/xhtml" xml:lang="en" lang="en">
 <head>
  <title>
</title>
<meta http-equiv="Content-Type" content="text/html;charset=utf-8" />
  <meta name='ocr-system' content='tesseract 3.04.00' />
  <meta name='ocr-capabilities' content='ocr_page ocr_carea ocr_par ocr_line ocrx_word'/>
</head>
<body>
  <div class='ocr_page' id='page_1' title='image "./institutionesju00marigoog_0258.png"; bbox 0 0 2548 4020; ppageno 0'>
   <div class='ocr_carea' id='block_1_1' title="bbox 410 272 1103 330">
    <p class='ocr_par' dir='ltr' id='par_1_1' title="bbox 410 272 1103 330">
     <span class='ocr_line' id='line_1_1' title="bbox 410 272 1103 330; baseline 0.01 -7"><span class='ocrx_word' id='word_1_1' title='bbox 410 278 448 323; x_wconf 87' lang='lat' dir='ltr'><strong>ua</strong></span> <span class='ocrx_word' id='word_1_2' title='bbox 470 279 597 325; x_wconf 77' lang='lat' dir='ltr'><strong>ostreno</strong></span> <span class='ocrx_word' id='word_1_3' title='bbox 617 279 699 326; x_wconf 75' lang='lat' dir='ltr'><strong>runis</strong></span> <span class='ocrx_word' id='word_1_4' title='bbox 722 281 876 328; x_wconf 81' lang='lat' dir='ltr'><strong>canonmr.</strong></span> <span class='ocrx_word' id='word_1_5' title='bbox 1047 272 1103 330; x_wconf 76' lang='lat' dir='ltr'><strong>est</strong></span> 
     </span>
    </p>
   </div>
   <div class='ocr_carea' id='block_1_2' title="bbox 177 423 1109 1373">
    <p class='ocr_par' dir='ltr' id='par_1_2' title="bbox 177 423 1109 1373">
     <span class='ocr_line' id='line_1_2' title="bbox 218 423 1108 508; baseline 0.009 -24"><span class='ocrx_word' id='word_1_6' title='bbox 218 423 372 498; x_wconf 88' lang='lat' dir='ltr'><strong>Jamvero,</strong></span> <span class='ocrx_word' id='word_1_7' title='bbox 388 423 490 497; x_wconf 88' lang='lat' dir='ltr'><strong>Pater,</strong></span> <span class='ocrx_word' id='word_1_8' title='bbox 506 424 601 484; x_wconf 88' lang='lat' dir='ltr'><strong>Filius</strong></span> <span class='ocrx_word' id='word_1_9' title='bbox 615 431 647 485; x_wconf 88' lang='lat' dir='ltr'><strong>et</strong></span> <span class='ocrx_word' id='word_1_10' title='bbox 662 423 793 502; x_wconf 83' lang='lat' dir='ltr'>Spiritus</span> <span class='ocrx_word' id='word_1_11' title='bbox 803 427 936 490; x_wconf 88' lang='lat' dir='ltr'><strong>Sanctus</strong></span> <span class='ocrx_word' id='word_1_12' title='bbox 955 434 1019 490; x_wconf 89' lang='lat' dir='ltr'><strong>tres</strong></span> <span class='ocrx_word' id='word_1_13' title='bbox 1039 449 1108 508; x_wconf 93' lang='lat' dir='ltr'><strong>per-</strong></span> 
     </span>
     <span class='ocr_line' id='line_1_3' title="bbox 182 519 1107 602; baseline 0.012 -25"><span class='ocrx_word' id='word_1_14' title='bbox 182 536 263 578; x_wconf 76' lang='lat' dir='ltr'><strong>sonas</strong></span> <span class='ocrx_word' id='word_1_15' title='bbox 292 537 374 580; x_wconf 88' lang='lat' dir='ltr'><strong>unns</strong></span> <span class='ocrx_word' id='word_1_16' title='bbox 401 521 484 579; x_wconf 91' lang='lat' dir='ltr'><strong>Deus</strong></span> <span class='ocrx_word' id='word_1_17' title='bbox 515 519 706 582; x_wconf 87' lang='lat' dir='ltr'><strong>constituunt</strong></span> <span class='ocrx_word' id='word_1_18' title='bbox 739 521 895 598; x_wconf 89' lang='lat' dir='ltr'><strong>objectum</strong></span> <span class='ocrx_word' id='word_1_19' title='bbox 923 525 1107 602; x_wconf 90' lang='lat' dir='ltr'><strong>primarium</strong></span> 
     </span>
     <span class='ocr_line' id='line_1_4' title="bbox 180 606 1106 692; baseline 0.008 -18"><span class='ocrx_word' id='word_1_20' title='bbox 180 616 278 676; x_wconf 88' lang='lat' dir='ltr'><strong>cultus</strong></span> <span class='ocrx_word' id='word_1_21' title='bbox 301 614 477 692; x_wconf 84' lang='lat' dir='ltr'><strong>christiani;</strong></span> <span class='ocrx_word' id='word_1_22' title='bbox 504 616 660 677; x_wconf 83' lang='lat' dir='ltr'>mediator</span> <span class='ocrx_word' id='word_1_23' title='bbox 680 617 736 678; x_wconf 89' lang='lat' dir='ltr'><strong>Dei</strong></span> <span class='ocrx_word' id='word_1_24' title='bbox 765 624 795 678; x_wconf 91' lang='lat' dir='ltr'><strong>et</strong></span> <span class='ocrx_word' id='word_1_25' title='bbox 823 606 986 678; x_wconf 82' lang='lat' dir='ltr'><strong>hominurn</strong></span> <span class='ocrx_word' id='word_1_26' title='bbox 1013 622 1106 682; x_wconf 91' lang='lat' dir='ltr'><strong>homo</strong></span> 
     </span>
     <span class='ocr_line' id='line_1_5' title="bbox 180 711 1108 795; baseline 0.004 -23"><span class='ocrx_word' id='word_1_27' title='bbox 180 711 317 773; x_wconf 84' lang='lat' dir='ltr'><strong>Christus</strong></span> <span class='ocrx_word' id='word_1_28' title='bbox 339 712 433 773; x_wconf 87' lang='lat' dir='ltr'><strong>Jesus</strong></span> <span class='ocrx_word' id='word_1_29' title='bbox 456 712 507 772; x_wconf 92' lang='lat' dir='ltr'><strong>ille</strong></span> <span class='ocrx_word' id='word_1_30' title='bbox 531 720 578 774; x_wconf 89' lang='lat' dir='ltr'><strong>est</strong></span> <span class='ocrx_word' id='word_1_31' title='bbox 601 730 695 792; x_wconf 90' lang='lat' dir='ltr'><strong>quem</strong></span> <span class='ocrx_word' id='word_1_32' title='bbox 718 714 856 776; x_wconf 79' lang='lat' dir='ltr'><strong>Ecclesia</strong></span> <span class='ocrx_word' id='word_1_33' title='bbox 878 717 1020 795; x_wconf 89' lang='lat' dir='ltr'><strong>agnoscit</strong></span> <span class='ocrx_word' id='word_1_34' title='bbox 1042 723 1108 778; x_wconf 92' lang='lat' dir='ltr'><strong>tan·</strong></span> 
     </span>
     <span class='ocr_line' id='line_1_6' title="bbox 179 807 1109 892; baseline 0.008 -25"><span class='ocrx_word' id='word_1_35' title='bbox 179 826 272 886; x_wconf 89' lang='lat' dir='ltr'><strong>quam</strong></span> <span class='ocrx_word' id='word_1_36' title='bbox 287 827 379 870; x_wconf 89' lang='lat' dir='ltr'><strong>suum</strong></span> <span class='ocrx_word' id='word_1_37' title='bbox 393 807 609 870; x_wconf 88' lang='lat' dir='ltr'><strong>immediatum</strong></span> <span class='ocrx_word' id='word_1_38' title='bbox 623 817 784 873; x_wconf 85' lang='lat' dir='ltr'><strong>auctorem</strong></span> <span class='ocrx_word' id='word_1_39' title='bbox 804 817 835 872; x_wconf 92' lang='lat' dir='ltr'><strong>et</strong></span> <span class='ocrx_word' id='word_1_40' title='bbox 852 818 1003 892; x_wconf 83' lang='lat' dir='ltr'><strong>tanquam</strong></span> <span class='ocrx_word' id='word_1_41' title='bbox 1018 831 1109 874; x_wconf 88' lang='lat' dir='ltr'><strong>suam</strong></span> 
     </span>
     <span class='ocr_line' id='line_1_7' title="bbox 179 905 1107 987; baseline 0.006 -23"><span class='ocrx_word' id='word_1_42' title='bbox 179 905 429 984; x_wconf 79' lang='lat' dir='ltr'><strong>propitiationem</strong></span> <span class='ocrx_word' id='word_1_43' title='bbox 446 906 536 985; x_wconf 90' lang='lat' dir='ltr'><strong>apud</strong></span> <span class='ocrx_word' id='word_1_44' title='bbox 559 906 702 982; x_wconf 89' lang='lat' dir='ltr'><strong>Patrem,</strong></span> <span class='ocrx_word' id='word_1_45' title='bbox 728 926 784 985; x_wconf 92' lang='lat' dir='ltr'><strong>per</strong></span> <span class='ocrx_word' id='word_1_46' title='bbox 805 926 901 986; x_wconf 87' lang='lat' dir='ltr'><strong>quam</strong></span> <span class='ocrx_word' id='word_1_47' title='bbox 925 916 1003 970; x_wconf 89' lang='lat' dir='ltr'><strong>orat.</strong></span> <span class='ocrx_word' id='word_1_48' title='bbox 1026 911 1107 987; x_wconf 83' lang='lat' dir='ltr'><strong>Ergo</strong></span> 
     </span>
     <span class='ocr_line' id='line_1_8' title="bbox 178 1001 1107 1085; baseline 0.006 -25"><span class='ocrx_word' id='word_1_49' title='bbox 178 1001 317 1063; x_wconf 82' lang='lat' dir='ltr'><strong>Ecclesia</strong></span> <span class='ocrx_word' id='word_1_50' title='bbox 332 1002 392 1062; x_wconf 88' lang='lat' dir='ltr'><strong>hoc</strong></span> <span class='ocrx_word' id='word_1_51' title='bbox 407 1005 602 1064; x_wconf 80' lang='lat' dir='ltr'><strong>sacramento</strong></span> <span class='ocrx_word' id='word_1_52' title='bbox 618 1021 675 1064; x_wconf 88' lang='lat' dir='ltr'><strong>usa</strong></span> <span class='ocrx_word' id='word_1_53' title='bbox 689 1011 737 1066; x_wconf 87' lang='lat' dir='ltr'><strong>est</strong></span> <span class='ocrx_word' id='word_1_54' title='bbox 751 1023 815 1066; x_wconf 90' lang='lat' dir='ltr'><strong>non</strong></span> <span class='ocrx_word' id='word_1_55' title='bbox 830 1006 932 1066; x_wconf 92' lang='lat' dir='ltr'><strong>solum</strong></span> <span class='ocrx_word' id='word_1_56' title='bbox 955 1005 995 1066; x_wconf 90' lang='lat' dir='ltr'><strong>ad</strong></span> <span class='ocrx_word' id='word_1_57' title='bbox 1017 1004 1107 1085; x_wconf 91' lang='lat' dir='ltr'><strong>spiri-</strong></span> 
     </span>
     <span class='ocr_line' id='line_1_9' title="bbox 178 1097 1108 1181; baseline 0.006 -25"><span class='ocrx_word' id='word_1_58' title='bbox 178 1097 294 1160; x_wconf 90' lang='lat' dir='ltr'><strong>tualem</strong></span> <span class='ocrx_word' id='word_1_59' title='bbox 308 1097 448 1159; x_wconf 89' lang='lat' dir='ltr'><strong>fidelium</strong></span> <span class='ocrx_word' id='word_1_60' title='bbox 462 1099 676 1180; x_wconf 87' lang='lat' dir='ltr'><strong>reiectionem,</strong></span> <span class='ocrx_word' id='word_1_61' title='bbox 694 1101 751 1162; x_wconf 89' lang='lat' dir='ltr'><strong>sed</strong></span> <span class='ocrx_word' id='word_1_62' title='bbox 765 1101 842 1162; x_wconf 87' lang='lat' dir='ltr'><strong>illud</strong></span> <span class='ocrx_word' id='word_1_63' title='bbox 859 1103 1035 1181; x_wconf 80' lang='lat' dir='ltr'><strong>praesertim</strong></span> <span class='ocrx_word' id='word_1_64' title='bbox 1049 1101 1108 1162; x_wconf 93' lang='lat' dir='ltr'><strong>sub</strong></span> 
     </span>
     <span class='ocr_line' id='line_1_10' title="bbox 177 1194 1108 1274; baseline 0.003 -20"><span class='ocrx_word' id='word_1_65' title='bbox 177 1194 340 1272; x_wconf 88' lang='lat' dir='ltr'><strong>speciebus</strong></span> <span class='ocrx_word' id='word_1_66' title='bbox 368 1196 459 1274; x_wconf 88' lang='lat' dir='ltr'><strong>panis</strong></span> <span class='ocrx_word' id='word_1_67' title='bbox 485 1213 556 1274; x_wconf 76' lang='lat' dir='ltr'><strong>quse</strong></span> <span class='ocrx_word' id='word_1_68' title='bbox 584 1195 704 1258; x_wconf 81' lang='lat' dir='ltr'><strong>facilius</strong></span> <span class='ocrx_word' id='word_1_69' title='bbox 731 1205 974 1270; x_wconf 83' lang='lat' dir='ltr'><strong>conservantur,</strong></span> <span class='ocrx_word' id='word_1_70' title='bbox 1009 1197 1108 1274; x_wconf 90' lang='lat' dir='ltr'><strong>illud,</strong></span> 
     </span>
     <span class='ocr_line' id='line_1_11' title="bbox 177 1291 1107 1373; baseline 0.005 -22"><span class='ocrx_word' id='word_1_71' title='bbox 177 1291 316 1370; x_wconf 86' lang='lat' dir='ltr'><strong>inquam,</strong></span> <span class='ocrx_word' id='word_1_72' title='bbox 334 1293 479 1371; x_wconf 90' lang='lat' dir='ltr'><strong>servavit,</strong></span> <span class='ocrx_word' id='word_1_73' title='bbox 502 1299 533 1354; x_wconf 89' lang='lat' dir='ltr'><strong>et</strong></span> <span class='ocrx_word' id='word_1_74' title='bbox 556 1294 751 1355; x_wconf 90' lang='lat' dir='ltr'><strong>adorandum</strong></span> <span class='ocrx_word' id='word_1_75' title='bbox 774 1294 936 1373; x_wconf 89' lang='lat' dir='ltr'><strong>proposuit</strong></span> <span class='ocrx_word' id='word_1_76' title='bbox 958 1301 1107 1373; x_wconf 85' lang='lat' dir='ltr'><strong>tanquam</strong></span> 
     </span>
    </p>
   </div>
   <div class='ocr_carea' id='block_1_3' title="bbox 87 1386 1108 1470">
    <p class='ocr_par' dir='ltr' id='par_1_3' title="bbox 87 1386 1108 1470">
     <span class='ocr_line' id='line_1_12' title="bbox 87 1386 1108 1470; baseline 0.002 -24"><span class='ocrx_word' id='word_1_77' title='bbox 87 1441 88 1446; x_wconf 73' lang='grc'>,</span> <span class='ocrx_word' id='word_1_78' title='bbox 177 1386 333 1466; x_wconf 88' lang='lat' dir='ltr'><strong>objectum</strong></span> <span class='ocrx_word' id='word_1_79' title='bbox 370 1389 540 1470; x_wconf 88' lang='lat' dir='ltr'><strong>principale</strong></span> <span class='ocrx_word' id='word_1_80' title='bbox 577 1389 658 1450; x_wconf 88' lang='lat' dir='ltr'><strong>cirea</strong></span> <span class='ocrx_word' id='word_1_81' title='bbox 693 1390 779 1468; x_wconf 89' lang='lat' dir='ltr'><strong>qnod</strong></span> <span class='ocrx_word' id='word_1_82' title='bbox 805 1390 981 1450; x_wconf 83' lang='lat' dir='ltr'><strong>volveretur</strong></span> <span class='ocrx_word' id='word_1_83' title='bbox 1008 1390 1108 1451; x_wconf 84' lang='lat' dir='ltr'><strong>uultus</strong></span> 
     </span>
    </p>
   </div>
   <div class='ocr_carea' id='block_1_4' title="bbox 30 1485 1137 2530">
    <p class='ocr_par' dir='ltr' id='par_1_4' title="bbox 30 1485 1137 2530">
     <span class='ocr_line' id='line_1_13' title="bbox 176 1485 1108 1572; baseline 0.001 -27"><span class='ocrx_word' id='word_1_84' title='bbox 176 1485 373 1572; x_wconf 83' lang='lat' dir='ltr'><strong>christianus.</strong></span> <span class='ocrx_word' id='word_1_85' title='bbox 391 1487 514 1546; x_wconf 76' lang='lat' dir='ltr'><strong>Etcum</strong></span> <span class='ocrx_word' id='word_1_86' title='bbox 531 1489 617 1548; x_wconf 90' lang='lat' dir='ltr'><strong>tanta</strong></span> <span class='ocrx_word' id='word_1_87' title='bbox 632 1485 713 1548; x_wconf 95' lang='lat' dir='ltr'><strong>inter</strong></span> <span class='ocrx_word' id='word_1_88' title='bbox 727 1486 851 1566; x_wconf 85' lang='lat' dir='ltr'><strong>signum</strong></span> <span class='ocrx_word' id='word_1_89' title='bbox 865 1485 985 1546; x_wconf 91' lang='lat' dir='ltr'><strong>visibile</strong></span> <span class='ocrx_word' id='word_1_90' title='bbox 1004 1503 1108 1547; x_wconf 88' lang='lat' dir='ltr'><strong>saora-</strong></span> 
     </span>
     <span class='ocr_line' id='line_1_14' title="bbox 177 1582 1108 1662; baseline 0 -20"><span class='ocrx_word' id='word_1_91' title='bbox 177 1588 317 1643; x_wconf 89' lang='lat' dir='ltr'><strong>mentum</strong></span> <span class='ocrx_word' id='word_1_92' title='bbox 332 1585 364 1644; x_wconf 90' lang='lat' dir='ltr'><strong>et</strong></span> <span class='ocrx_word' id='word_1_93' title='bbox 377 1582 529 1644; x_wconf 90' lang='lat' dir='ltr'><strong>invisibile</strong></span> <span class='ocrx_word' id='word_1_94' title='bbox 545 1583 702 1660; x_wconf 90' lang='lat' dir='ltr'><strong>objectum</strong></span> <span class='ocrx_word' id='word_1_95' title='bbox 716 1585 817 1645; x_wconf 91' lang='lat' dir='ltr'><strong>cultus</strong></span> <span class='ocrx_word' id='word_1_96' title='bbox 833 1584 939 1662; x_wconf 87' lang='lat' dir='ltr'><strong>nostri,</strong></span> <span class='ocrx_word' id='word_1_97' title='bbox 952 1583 1108 1644; x_wconf 83' lang='lat' dir='ltr'><strong>Christum</strong></span> 
     </span>
     <span class='ocr_line' id='line_1_15' title="bbox 30 1675 1109 1757; baseline 0.001 -23"><span class='ocrx_word' id='word_1_98' title='bbox 30 1737 31 1742; x_wconf 59' lang='grc'>,</span> <span class='ocrx_word' id='word_1_99' title='bbox 176 1676 286 1749; x_wconf 87' lang='lat' dir='ltr'><strong>Deum,</strong></span> <span class='ocrx_word' id='word_1_100' title='bbox 303 1675 383 1737; x_wconf 91' lang='lat' dir='ltr'><strong>adsit</strong></span> <span class='ocrx_word' id='word_1_101' title='bbox 397 1677 517 1751; x_wconf 89' lang='lat' dir='ltr'><strong>relatio,</strong></span> <span class='ocrx_word' id='word_1_102' title='bbox 535 1681 653 1755; x_wconf 87' lang='lat' dir='ltr'><strong>quanta</strong></span> <span class='ocrx_word' id='word_1_103' title='bbox 673 1677 906 1757; x_wconf 85' lang='lat' dir='ltr'><strong>quodammodo</strong></span> <span class='ocrx_word' id='word_1_104' title='bbox 930 1679 1010 1738; x_wconf 90' lang='lat' dir='ltr'><strong>inter</strong></span> <span class='ocrx_word' id='word_1_105' title='bbox 1029 1677 1109 1738; x_wconf 88' lang='lat' dir='ltr'><strong>acei-</strong></span> 
     </span>
     <span class='ocr_line' id='line_1_16' title="bbox 96 1771 1106 1852; baseline 0.001 -19.939"><span class='ocrx_word' id='word_1_106' title='bbox 96 1776 98 1781; x_wconf 82' lang='grc'>’</span> <span class='ocrx_word' id='word_1_107' title='bbox 176 1771 282 1834; x_wconf 83' lang='lat' dir='ltr'><strong>dentis</strong></span> <span class='ocrx_word' id='word_1_108' title='bbox 309 1779 340 1834; x_wconf 90' lang='lat' dir='ltr'><strong>et</strong></span> <span class='ocrx_word' id='word_1_109' title='bbox 361 1772 567 1836; x_wconf 82' lang='lat' dir='ltr'><strong>substantiam</strong></span> <span class='ocrx_word' id='word_1_110' title='bbox 587 1773 751 1837; x_wconf 89' lang='lat' dir='ltr'><strong>intercedit</strong></span> <span class='ocrx_word' id='word_1_111' title='bbox 771 1793 842 1852; x_wconf 89' lang='lat' dir='ltr'><strong>quae</strong></span> <span class='ocrx_word' id='word_1_112' title='bbox 863 1774 924 1835; x_wconf 89' lang='lat' dir='ltr'><strong>illis</strong></span> <span class='ocrx_word' id='word_1_113' title='bbox 949 1774 1106 1852; x_wconf 87' lang='lat' dir='ltr'><strong>subjacet,</strong></span> 
     </span>
     <span class='ocr_line' id='line_1_17' title="bbox 30 1871 1108 1952; baseline 0 -20"><span class='ocrx_word' id='word_1_114' title='bbox 30 1887 31 1894; x_wconf 53' lang='lat'>¹</span> <span class='ocrx_word' id='word_1_115' title='bbox 176 1871 323 1933; x_wconf 90' lang='lat' dir='ltr'><strong>eumdem</strong></span> <span class='ocrx_word' id='word_1_116' title='bbox 350 1872 394 1932; x_wconf 94' lang='lat' dir='ltr'><strong>illi</strong></span> <span class='ocrx_word' id='word_1_117' title='bbox 417 1873 580 1952; x_wconf 86' lang='lat' dir='ltr'><strong>profitetur</strong></span> <span class='ocrx_word' id='word_1_118' title='bbox 603 1874 722 1936; x_wconf 89' lang='lat' dir='ltr'><strong>cultum</strong></span> <span class='ocrx_word' id='word_1_119' title='bbox 745 1875 844 1936; x_wconf 81' lang='lat' dir='ltr'><strong>tatriae</strong></span> <span class='ocrx_word' id='word_1_120' title='bbox 869 1892 964 1952; x_wconf 87' lang='lat' dir='ltr'><strong>quem</strong></span> <span class='ocrx_word' id='word_1_121' title='bbox 987 1873 1108 1934; x_wconf 84' lang='lat' dir='ltr'><strong>Christo</strong></span> 
     </span>
     <span class='ocr_line' id='line_1_18' title="bbox 177 1965 1110 2046; baseline 0 -20"><span class='ocrx_word' id='word_1_122' title='bbox 177 1966 234 2044; x_wconf 90' lang='lat' dir='ltr'><strong>ipsi</strong></span> <span class='ocrx_word' id='word_1_123' title='bbox 257 1965 436 2044; x_wconf 85' lang='lat' dir='ltr'><strong>profitetur,</strong></span> <span class='ocrx_word' id='word_1_124' title='bbox 462 1986 518 2028; x_wconf 91' lang='lat' dir='ltr'><strong>seu</strong></span> <span class='ocrx_word' id='word_1_125' title='bbox 539 1967 678 2029; x_wconf 84' lang='lat' dir='ltr'><strong>Christus</strong></span> <span class='ocrx_word' id='word_1_126' title='bbox 694 1975 862 2029; x_wconf 89' lang='lat' dir='ltr'><strong>veneratur</strong></span> <span class='ocrx_word' id='word_1_127' title='bbox 876 1969 934 2028; x_wconf 90' lang='lat' dir='ltr'><strong>sub</strong></span> <span class='ocrx_word' id='word_1_128' title='bbox 958 1985 1110 2046; x_wconf 88' lang='lat' dir='ltr'><strong>apparen-</strong></span> 
     </span>
     <span class='ocr_line' id='line_1_19' title="bbox 175 2063 1108 2143; baseline 0.001 -20"><span class='ocrx_word' id='word_1_129' title='bbox 175 2063 225 2123; x_wconf 92' lang='lat' dir='ltr'><strong>tiis</strong></span> <span class='ocrx_word' id='word_1_130' title='bbox 239 2063 330 2142; x_wconf 89' lang='lat' dir='ltr'><strong>panis</strong></span> <span class='ocrx_word' id='word_1_131' title='bbox 345 2070 398 2125; x_wconf 90' lang='lat' dir='ltr'><strong>ant</strong></span> <span class='ocrx_word' id='word_1_132' title='bbox 414 2065 485 2138; x_wconf 87' lang='lat' dir='ltr'><strong>viui,</strong></span> <span class='ocrx_word' id='word_1_133' title='bbox 502 2065 591 2126; x_wconf 91' lang='lat' dir='ltr'><strong>sicuti</strong></span> <span class='ocrx_word' id='word_1_134' title='bbox 606 2065 631 2124; x_wconf 91' lang='lat' dir='ltr'><strong>si</strong></span> <span class='ocrx_word' id='word_1_135' title='bbox 648 2064 830 2124; x_wconf 89' lang='lat' dir='ltr'><strong>inhumana</strong></span> <span class='ocrx_word' id='word_1_136' title='bbox 843 2064 997 2143; x_wconf 85' lang='lat' dir='ltr'><strong>liguraibi</strong></span> <span class='ocrx_word' id='word_1_137' title='bbox 1014 2081 1108 2142; x_wconf 88' lang='lat' dir='ltr'><strong>appa·</strong></span> 
     </span>
     <span class='ocr_line' id='line_1_20' title="bbox 175 2159 1137 2240; baseline -0.002 -18"><span class='ocrx_word' id='word_1_138' title='bbox 175 2165 269 2222; x_wconf 90' lang='lat' dir='ltr'><strong>reret.</strong></span> <span class='ocrx_word' id='word_1_139' title='bbox 299 2159 406 2221; x_wconf 86' lang='lat' dir='ltr'><strong>Cultus</strong></span> <span class='ocrx_word' id='word_1_140' title='bbox 434 2160 518 2222; x_wconf 88' lang='lat' dir='ltr'><strong>enirn</strong></span> <span class='ocrx_word' id='word_1_141' title='bbox 548 2179 611 2221; x_wconf 90' lang='lat' dir='ltr'><strong>non</strong></span> <span class='ocrx_word' id='word_1_142' title='bbox 641 2161 788 2222; x_wconf 89' lang='lat' dir='ltr'><strong>terminat</strong></span> <span class='ocrx_word' id='word_1_143' title='bbox 817 2161 849 2219; x_wconf 94' lang='lat' dir='ltr'><strong>in</strong></span> <span class='ocrx_word' id='word_1_144' title='bbox 879 2159 1013 2237; x_wconf 88' lang='lat' dir='ltr'><strong>figuram</strong></span> <span class='ocrx_word' id='word_1_145' title='bbox 1037 2177 1106 2236; x_wconf 87' lang='lat' dir='ltr'><strong>quoe</strong></span> <span class='ocrx_word' id='word_1_146' title='bbox 1135 2237 1137 2240; x_wconf 16' lang='grc' dir='ltr'>Ι</span> 
     </span>
     <span class='ocr_line' id='line_1_21' title="bbox 120 2255 1105 2335; baseline 0.004 -19"><span class='ocrx_word' id='word_1_147' title='bbox 120 2330 122 2334; x_wconf 23' lang='grc' dir='ltr'>Ι</span> <span class='ocrx_word' id='word_1_148' title='bbox 175 2255 310 2317; x_wconf 86' lang='lat' dir='ltr'><strong>exterius</strong></span> <span class='ocrx_word' id='word_1_149' title='bbox 323 2256 549 2329; x_wconf 84' lang='lat' dir='ltr'><strong>manifestatur,</strong></span> <span class='ocrx_word' id='word_1_150' title='bbox 567 2257 623 2318; x_wconf 86' lang='lat' dir='ltr'><strong>sed</strong></span> <span class='ocrx_word' id='word_1_151' title='bbox 636 2257 668 2316; x_wconf 91' lang='lat' dir='ltr'><strong>in</strong></span> <span class='ocrx_word' id='word_1_152' title='bbox 679 2273 845 2335; x_wconf 87' lang='lat' dir='ltr'><strong>personam</strong></span> <span class='ocrx_word' id='word_1_153' title='bbox 857 2273 953 2335; x_wconf 90' lang='lat' dir='ltr'><strong>quam</strong></span> <span class='ocrx_word' id='word_1_154' title='bbox 963 2257 1105 2320; x_wconf 89' lang='lat' dir='ltr'><strong>colimus.</strong></span> 
     </span>
     <span class='ocr_line' id='line_1_22' title="bbox 174 2352 1108 2430; baseline -0.003 -16"><span class='ocrx_word' id='word_1_155' title='bbox 174 2354 243 2414; x_wconf 92' lang='lat' dir='ltr'><strong>Non</strong></span> <span class='ocrx_word' id='word_1_156' title='bbox 259 2353 348 2413; x_wconf 90' lang='lat' dir='ltr'><strong>aliter</strong></span> <span class='ocrx_word' id='word_1_157' title='bbox 361 2352 455 2414; x_wconf 89' lang='lat' dir='ltr'><strong>vestis</strong></span> <span class='ocrx_word' id='word_1_158' title='bbox 471 2352 603 2430; x_wconf 87' lang='lat' dir='ltr'><strong>qualitas</strong></span> <span class='ocrx_word' id='word_1_159' title='bbox 618 2355 666 2414; x_wconf 90' lang='lat' dir='ltr'><strong>est</strong></span> <span class='ocrx_word' id='word_1_160' title='bbox 685 2353 865 2416; x_wconf 86' lang='lat' dir='ltr'><strong>indifferens</strong></span> <span class='ocrx_word' id='word_1_161' title='bbox 888 2353 919 2413; x_wconf 89' lang='lat' dir='ltr'><strong>in</strong></span> <span class='ocrx_word' id='word_1_162' title='bbox 939 2353 1049 2412; x_wconf 89' lang='lat' dir='ltr'><strong>ordine</strong></span> <span class='ocrx_word' id='word_1_163' title='bbox 1068 2353 1108 2412; x_wconf 90' lang='lat' dir='ltr'><strong>ad</strong></span> 
     </span>
     <span class='ocr_line' id='line_1_23' title="bbox 175 2449 662 2530; baseline 0.004 -20"><span class='ocrx_word' id='word_1_164' title='bbox 175 2449 294 2511; x_wconf 84' lang='lat' dir='ltr'><strong>cultum</strong></span> <span class='ocrx_word' id='word_1_165' title='bbox 308 2468 401 2529; x_wconf 89' lang='lat' dir='ltr'><strong>quern</strong></span> <span class='ocrx_word' id='word_1_166' title='bbox 415 2452 482 2530; x_wconf 91' lang='lat' dir='ltr'><strong>regi</strong></span> <span class='ocrx_word' id='word_1_167' title='bbox 498 2450 662 2512; x_wconf 88' lang='lat' dir='ltr'><strong>debemus.</strong></span> 
     </span>
    </p>
   </div>
   <div class='ocr_carea' id='block_1_5' title="bbox 369 2609 920 2660">
    <p class='ocr_par' dir='ltr' id='par_1_5' title="bbox 369 2609 920 2660">
     <span class='ocr_line' id='line_1_24' title="bbox 369 2609 920 2660; baseline -0.004 -8"><span class='ocrx_word' id='word_1_168' title='bbox 369 2609 430 2660; x_wconf 74' lang='lat' dir='ltr'><strong>fill.</strong></span> <span class='ocrx_word' id='word_1_169' title='bbox 445 2620 473 2653; x_wconf 81' lang='lat' dir='ltr'><strong>on</strong></span> <span class='ocrx_word' id='word_1_170' title='bbox 488 2619 606 2657; x_wconf 78' lang='lat' dir='ltr'><strong>arrianus</strong></span> <span class='ocrx_word' id='word_1_171' title='bbox 621 2619 713 2653; x_wconf 83' lang='lat' dir='ltr'><strong>enarsrr</strong></span> <span class='ocrx_word' id='word_1_172' title='bbox 727 2613 756 2653; x_wconf 72' lang='lat' dir='ltr'><strong>nr</strong></span> <span class='ocrx_word' id='word_1_173' title='bbox 773 2617 920 2654; x_wconf 82' lang='lat' dir='ltr'><strong>stneroruu.</strong></span> 
     </span>
    </p>
   </div>
   <div class='ocr_carea' id='block_1_6' title="bbox 175 2714 1109 3177">
    <p class='ocr_par' dir='ltr' id='par_1_6' title="bbox 175 2714 1109 3177">
     <span class='ocr_line' id='line_1_25' title="bbox 216 2714 1107 2796; baseline -0.004 -18"><span class='ocrx_word' id='word_1_174' title='bbox 216 2718 269 2778; x_wconf 91' lang='lat' dir='ltr'><strong>IX.</strong></span> <span class='ocrx_word' id='word_1_175' title='bbox 286 2717 470 2778; x_wconf 89' lang='lat' dir='ltr'><strong>Sanctarum</strong></span> <span class='ocrx_word' id='word_1_176' title='bbox 485 2717 687 2796; x_wconf 88' lang='lat' dir='ltr'><strong>reliquiarum</strong></span> <span class='ocrx_word' id='word_1_177' title='bbox 703 2716 829 2778; x_wconf 91' lang='lat' dir='ltr'><strong>nomine</strong></span> <span class='ocrx_word' id='word_1_178' title='bbox 844 2715 987 2778; x_wconf 84' lang='lat' dir='ltr'><strong>strictiori</strong></span> <span class='ocrx_word' id='word_1_179' title='bbox 1003 2721 1034 2777; x_wconf 91' lang='lat' dir='ltr'><strong>et</strong></span> <span class='ocrx_word' id='word_1_180' title='bbox 1047 2714 1107 2794; x_wconf 91' lang='lat' dir='ltr'><strong>pri-</strong></span> 
     </span>
     <span class='ocr_line' id='line_1_26' title="bbox 175 2813 1106 2893; baseline -0.005 -18"><span class='ocrx_word' id='word_1_181' title='bbox 175 2813 275 2875; x_wconf 91' lang='lat' dir='ltr'><strong>mario</strong></span> <span class='ocrx_word' id='word_1_182' title='bbox 291 2831 384 2874; x_wconf 90' lang='lat' dir='ltr'><strong>sensu</strong></span> <span class='ocrx_word' id='word_1_183' title='bbox 404 2813 606 2893; x_wconf 84' lang='lat' dir='ltr'><strong>intelligimus</strong></span> <span class='ocrx_word' id='word_1_184' title='bbox 630 2821 752 2875; x_wconf 92' lang='lat' dir='ltr'><strong>mortua</strong></span> <span class='ocrx_word' id='word_1_185' title='bbox 762 2816 949 2876; x_wconf 86' lang='lat' dir='ltr'><strong>sanctorum</strong></span> <span class='ocrx_word' id='word_1_186' title='bbox 964 2828 1106 2892; x_wconf 89' lang='lat' dir='ltr'><strong>corpora,</strong></span> 
     </span>
     <span class='ocr_line' id='line_1_27' title="bbox 176 2909 1107 2989; baseline -0.004 -21"><span class='ocrx_word' id='word_1_187' title='bbox 176 2926 247 2988; x_wconf 84' lang='lat' dir='ltr'><strong>quae</strong></span> <span class='ocrx_word' id='word_1_188' title='bbox 270 2910 295 2968; x_wconf 92' lang='lat' dir='ltr'><strong>si</strong></span> <span class='ocrx_word' id='word_1_189' title='bbox 312 2910 426 2971; x_wconf 83' lang='lat' dir='ltr'><strong>luerint</strong></span> <span class='ocrx_word' id='word_1_190' title='bbox 440 2910 572 2988; x_wconf 88' lang='lat' dir='ltr'><strong>integra,</strong></span> <span class='ocrx_word' id='word_1_191' title='bbox 590 2916 643 2971; x_wconf 91' lang='lat' dir='ltr'><strong>aut</strong></span> <span class='ocrx_word' id='word_1_192' title='bbox 662 2909 847 2989; x_wconf 90' lang='lat' dir='ltr'><strong>spectabiles</strong></span> <span class='ocrx_word' id='word_1_193' title='bbox 870 2925 980 2983; x_wconf 86' lang='lat' dir='ltr'><strong>eornm</strong></span> <span class='ocrx_word' id='word_1_194' title='bbox 1003 2913 1107 2984; x_wconf 88' lang='lat' dir='ltr'><strong>partes</strong></span> 
     </span>
     <span class='ocr_line' id='line_1_28' title="bbox 176 3000 1109 3081; baseline -0.008 -18"><span class='ocrx_word' id='word_1_195' title='bbox 176 3001 226 3063; x_wconf 92' lang='lat' dir='ltr'><strong>vel</strong></span> <span class='ocrx_word' id='word_1_196' title='bbox 249 3003 344 3063; x_wconf 88' lang='lat' dir='ltr'><strong>etiam</strong></span> <span class='ocrx_word' id='word_1_197' title='bbox 365 3003 404 3062; x_wconf 90' lang='lat' dir='ltr'><strong>de</strong></span> <span class='ocrx_word' id='word_1_198' title='bbox 427 3021 466 3063; x_wconf 91' lang='lat' dir='ltr'><strong>ea</strong></span> <span class='ocrx_word' id='word_1_199' title='bbox 495 3002 645 3081; x_wconf 82' lang='lat' dir='ltr'><strong>singulari</strong></span> <span class='ocrx_word' id='word_1_200' title='bbox 667 3008 756 3081; x_wconf 91' lang='lat' dir='ltr'><strong>parte</strong></span> <span class='ocrx_word' id='word_1_201' title='bbox 784 3000 817 3058; x_wconf 89' lang='lat' dir='ltr'><strong>in</strong></span> <span class='ocrx_word' id='word_1_202' title='bbox 841 3017 902 3076; x_wconf 89' lang='lat' dir='ltr'><strong>qua</strong></span> <span class='ocrx_word' id='word_1_203' title='bbox 925 3015 1036 3076; x_wconf 89' lang='lat' dir='ltr'><strong>passus</strong></span> <span class='ocrx_word' id='word_1_204' title='bbox 1061 3005 1109 3056; x_wconf 89' lang='lat' dir='ltr'><strong>est</strong></span> 
     </span>
     <span class='ocr_line' id='line_1_29' title="bbox 177 3093 1046 3177; baseline -0.005 -21"><span class='ocrx_word' id='word_1_205' title='bbox 177 3101 308 3177; x_wconf 89' lang='lat' dir='ltr'><strong>martyr,</strong></span> <span class='ocrx_word' id='word_1_206' title='bbox 325 3098 470 3159; x_wconf 89' lang='lat' dir='ltr'><strong>dicuntur</strong></span> <span class='ocrx_word' id='word_1_207' title='bbox 485 3098 612 3176; x_wconf 78' lang='lat' dir='ltr'><strong>r&#39;asr&#39;pues</strong></span> <span class='ocrx_word' id='word_1_208' title='bbox 620 3117 635 3176; x_wconf 83' lang='lat'><strong>‚·</strong></span> <span class='ocrx_word' id='word_1_209' title='bbox 649 3115 740 3158; x_wconf 90' lang='lat' dir='ltr'><strong>secus</strong></span> <span class='ocrx_word' id='word_1_210' title='bbox 753 3095 893 3172; x_wconf 86' lang='lat' dir='ltr'><strong>retiquiae</strong></span> <span class='ocrx_word' id='word_1_211' title='bbox 909 3093 1046 3154; x_wconf 82' lang='lat' dir='ltr'><strong>minores.</strong></span> 
     </span>
    </p>
   </div>
   <div class='ocr_carea' id='block_1_7' title="bbox 179 3177 1124 3560">
    <p class='ocr_par' dir='ltr' id='par_1_7' title="bbox 179 3177 1124 3560">
     <span class='ocr_line' id='line_1_30' title="bbox 218 3177 1118 3272; baseline -0.012 -18"><span class='ocrx_word' id='word_1_212' title='bbox 218 3192 409 3256; x_wconf 86' lang='lat' dir='ltr'><strong>Secundario</strong></span> <span class='ocrx_word' id='word_1_213' title='bbox 432 3193 633 3272; x_wconf 85' lang='lat' dir='ltr'><strong>intelligimus</strong></span> <span class='ocrx_word' id='word_1_214' title='bbox 659 3193 845 3252; x_wconf 88' lang='lat' dir='ltr'><strong>vestimenta</strong></span> <span class='ocrx_word' id='word_1_215' title='bbox 872 3177 1008 3268; x_wconf 86' lang='lat' dir='ltr'><strong>quibus,¹</strong></span> <span class='ocrx_word' id='word_1_216' title='bbox 1033 3187 1118 3248; x_wconf 76' lang='lat' dir='ltr'><strong>uum.</strong></span> 
     </span>
     <span class='ocr_line' id='line_1_31' title="bbox 180 3279 1117 3364; baseline -0.009 -18"><span class='ocrx_word' id='word_1_217' title='bbox 180 3287 327 3361; x_wconf 89' lang='lat' dir='ltr'><strong>viverent,</strong></span> <span class='ocrx_word' id='word_1_218' title='bbox 344 3287 391 3348; x_wconf 90' lang='lat' dir='ltr'><strong>usi</strong></span> <span class='ocrx_word' id='word_1_219' title='bbox 407 3293 489 3363; x_wconf 88' lang='lat' dir='ltr'><strong>sunt,</strong></span> <span class='ocrx_word' id='word_1_220' title='bbox 507 3291 562 3348; x_wconf 89' lang='lat' dir='ltr'><strong>aut</strong></span> <span class='ocrx_word' id='word_1_221' title='bbox 577 3285 690 3364; x_wconf 90' lang='lat' dir='ltr'><strong>quibus</strong></span> <span class='ocrx_word' id='word_1_222' title='bbox 703 3291 773 3362; x_wconf 90' lang='lat' dir='ltr'><strong>post</strong></span> <span class='ocrx_word' id='word_1_223' title='bbox 788 3289 920 3343; x_wconf 90' lang='lat' dir='ltr'><strong>mortem</strong></span> <span class='ocrx_word' id='word_1_224' title='bbox 935 3279 1117 3342; x_wconf 89' lang='lat' dir='ltr'><strong>linteissint.</strong></span> 
     </span>
     <span class='ocr_line' id='line_1_32' title="bbox 179 3377 1124 3460; baseline -0.007 -18"><span class='ocrx_word' id='word_1_225' title='bbox 179 3383 319 3459; x_wconf 89' lang='lat' dir='ltr'><strong>involuti,</strong></span> <span class='ocrx_word' id='word_1_226' title='bbox 342 3401 400 3445; x_wconf 90' lang='lat' dir='ltr'><strong>nec</strong></span> <span class='ocrx_word' id='word_1_227' title='bbox 420 3401 485 3445; x_wconf 93' lang='lat' dir='ltr'><strong>non</strong></span> <span class='ocrx_word' id='word_1_228' title='bbox 509 3383 647 3460; x_wconf 90' lang='lat' dir='ltr'><strong>martyrii</strong></span> <span class='ocrx_word' id='word_1_229' title='bbox 672 3385 703 3442; x_wconf 90' lang='lat' dir='ltr'><strong>et</strong></span> <span class='ocrx_word' id='word_1_230' title='bbox 726 3378 971 3440; x_wconf 80' lang='lat' dir='ltr'><strong>mortificationis</strong></span> <span class='ocrx_word' id='word_1_231' title='bbox 994 3377 1124 3437; x_wconf 84' lang='lat' dir='ltr'><strong>instro--</strong></span> 
     </span>
     <span class='ocr_line' id='line_1_33' title="bbox 180 3475 1110 3560; baseline -0.011 -20"><span class='ocrx_word' id='word_1_232' title='bbox 180 3484 297 3543; x_wconf 90' lang='lat' dir='ltr'><strong>menta.</strong></span> <span class='ocrx_word' id='word_1_233' title='bbox 317 3482 377 3542; x_wconf 88' lang='lat' dir='ltr'><strong>Res</strong></span> <span class='ocrx_word' id='word_1_234' title='bbox 401 3498 471 3560; x_wconf 81' lang='lat' dir='ltr'><strong>quae</strong></span> <span class='ocrx_word' id='word_1_235' title='bbox 496 3480 618 3542; x_wconf 87' lang='lat' dir='ltr'><strong>illorum</strong></span> <span class='ocrx_word' id='word_1_236' title='bbox 644 3477 712 3538; x_wconf 91' lang='lat' dir='ltr'><strong>usui</strong></span> <span class='ocrx_word' id='word_1_237' title='bbox 736 3476 955 3537; x_wconf 81' lang='lat' dir='ltr'><strong>inservierunt.</strong></span> <span class='ocrx_word' id='word_1_238' title='bbox 976 3475 1110 3536; x_wconf 84' lang='lat' dir='ltr'><strong>Domum</strong></span> 
     </span>
    </p>
   </div>
   <div class='ocr_carea' id='block_1_8' title="bbox 0 0 1278 4020">
    <p class='ocr_par' dir='ltr' id='par_1_8' title="bbox 0 0 1278 4020">
     <span class='ocr_line' id='line_1_34' title="bbox 0 0 1278 4020; baseline 0 0"><span class='ocrx_word' id='word_1_239' title='bbox 0 0 1278 4020; x_wconf 95' lang='lat' dir='ltr'><strong> </strong></span> 
     </span>
    </p>
   </div>
  </div>
 </body>
</html>
