2504 4024
207 245 246 306 98
413 254 641 302 rnsrrrurrouns
662 255 744 302 runis
767 253 920 302 cenorum.

207 401 277 462 ticio
292 397 384 460 elicui
399 397 512 460 clerieo
527 397 692 477 assignata
707 397 888 475 patrimonii
900 397 990 462 titulo
1006 417 1136 479 compa·
1229 431 1230 452 l

207 487 380 558 rataesunt.
1229 487 1230 566 ζ

247 593 341 653 Gouc.
359 589 444 652 Trid.
461 606 650 652 conservens
667 589 752 650 idem
771 588 969 667 principium,
989 590 1137 652 videlicet
1229 589 1230 592 ’

208 689 292 768 quod
305 687 468 748 servitium
481 687 629 748 Ecclesia
649 686 689 747 sit
707 686 799 746 unice
818 685 1022 748 ordinationis
1042 687 1134 758 ratio,

207 785 434 860 proptereaque
450 779 619 858 prohibens
634 797 710 840 sess.
727 779 838 854 XXIII,
853 796 923 857 cap.
939 794 1006 854 xvl,
1018 795 1058 838 ne
1068 778 1135 838 inu·
1229 777 1230 780 ’

207 878 269 940 tilis
283 875 455 950 ordinetur,
473 877 504 934 et
514 875 630 954 jubens
644 877 678 936 ut
699 874 803 934 nullus
821 874 855 934 in
874 878 1035 950 posterum
1054 871 1135 933 ordi-

208 976 299 1033 netur
313 969 365 1051 qui
379 969 525 1032 Eoolesiae
541 973 596 1032 aut
609 971 661 1049 pio
676 972 744 1031 loeo
765 986 822 1049 pro
842 968 931 1048 cujus
950 968 1135 1031 necessitate

206 1065 257 1126 vel
270 1064 401 1125 utilitate
416 1063 595 1139 assumitur,
613 1080 675 1123 non
690 1062 900 1138 adscribatur,
920 1061 964 1122 ibi
984 1061 1049 1121 suis
1067 1061 1136 1120 iun·
1229 1061 1230 1070 ’

206 1163 299 1239 gutur
313 1159 495 1220 muneribus
509 1176 567 1219 nec
582 1158 709 1220 incertis
729 1162 860 1238 vagetur
883 1157 1021 1220 sedibus.
1047 1159 1137 1221 Atta-

207 1275 279 1316 men
303 1273 399 1336 qunm
422 1254 603 1333 contingere
624 1255 724 1332 possit
745 1254 828 1334 quod
849 1253 891 1315 ob
919 1253 1136 1316 difficultatem
1229 1241 1230 1248 ἵ

206 1351 359 1414 beneficia
380 1350 592 1431 consequendi
613 1352 644 1411 et
668 1349 883 1412 ministrorum
909 1350 962 1429 qui
987 1339 1156 1412 Ecclesiae

205 1447 378 1508 inserviunt
400 1446 618 1508 necessitatem
642 1446 835 1507 ordinandus
854 1447 894 1508 sit
912 1445 965 1525 qui
986 1446 1136 1508 clericatu

207 1543 319 1622 dignus
333 1547 365 1604 et
378 1542 525 1604 Ecclesiae
541 1542 719 1603 necessitati
732 1542 783 1603 vel
797 1541 923 1603 utilitati
940 1547 1136 1621 opportunus

205 1637 302 1715 possit
316 1636 441 1697 aliunde
455 1637 633 1713 sustentari,
651 1640 766 1716 praeter
780 1637 923 1699 beneficii
938 1636 1064 1700 titulum
1079 1637 1137 1698 ad-

205 1731 290 1792 misit
301 1730 427 1793 titulum
441 1731 620 1809 patrimonii
636 1731 684 1793 vel
698 1733 869 1811 pensionis.

246 1827 296 1889 Vl.
314 1826 545 1888 Concludamus
562 1847 569 1888 :

246 1925 276 1981 1ο
296 1920 395 1982 Unica
413 1922 492 1984 ratio
516 1921 556 1983 oh
581 1939 678 2001 quam
699 1923 769 2001 quis
792 1921 929 1984 ordinari
953 1921 1062 2003 possit,
1089 1927 1137 1986 est
1229 1923 1230 2004 ξ

205 2015 368 2077 servitium
382 2016 540 2094 Ecclesia,
558 2036 628 2097 quae
644 2021 730 2080 certa
743 2019 803 2080 erit
815 2018 842 2078 si
859 2018 1011 2080 beneficio
1033 2019 1136 2082 alatur
1229 2023 1230 2098 ᾗ

88 2125 91 2130 ·
205 2112 354 2186 clericus;
372 2130 435 2174 non
448 2116 515 2174 tem
529 2116 625 2190 certa,
643 2113 669 2174 si
691 2113 880 2193 patrimonio
901 2114 951 2175 vel
970 2115 1133 2192 pensione,
1229 2099 1230 2130 ³

205 2213 237 2268 et
252 2225 314 2270 non
329 2208 373 2270 ita
387 2209 605 2272 determinata.

221 2367 223 2371 .
244 2308 275 2366 2⁰
291 2307 409 2368 Verum
422 2306 530 2369 titulus
542 2307 574 2366 in
589 2306 719 2386 antiqua
734 2305 898 2385 disciplina
912 2312 980 2367 erat
996 2307 1134 2370 addictio

205 2403 298 2461 certae
312 2401 459 2463 Ecclesiae
474 2402 524 2464 vel
538 2405 624 2463 certo
638 2401 813 2463 ministerio
829 2419 901 2462 cum
922 2420 1016 2462 onere
1034 2404 1137 2466 inser-

204 2495 309 2555 viendi
325 2501 356 2555 et
374 2513 446 2556 cum
462 2496 533 2576 jure
555 2516 589 2560 se
610 2497 805 2560 sustentandi
827 2515 865 2558 ex
885 2498 966 2559 illius
987 2499 1135 2560 Ecclesiae

203 2587 389 2650 redditibus.
405 2591 511 2652 Latior
525 2596 594 2654 erat
607 2581 793 2672 significatio
807 2594 899 2655 tituli.
917 2594 1016 2654 Hodie
1036 2612 1136 2674 quum

196 2683 452 2762 independenter
465 2705 485 2746 a
498 2686 651 2749 beneficio
666 2689 775 2751 titulus
789 2689 899 2750 haberi
913 2691 1021 2768 possit,
1032 2692 1135 2770 magis

203 2795 271 2838 sese
288 2780 438 2857 extendit,
454 2787 488 2842 et
500 2783 603 2843 minus
622 2785 861 2862 comprehendit
878 2785 961 2847 illius
979 2785 1134 2866 siguifica-

202 2873 257 2950 tio,
273 2877 309 2936 ut
323 2875 427 2953 potius
442 2878 623 2941 attendatur
636 2879 676 2940 ad
692 2880 835 2942 redditus
853 2881 1043 2961 temporales
1065 2880 1136 2962 qui-

203 2967 261 3028 bus
275 2969 408 3030 clericus
421 2972 590 3033 sustentari
604 2973 712 3051 possit.

241 3066 273 3124 3ο
289 3066 460 3145 Propterea
474 3067 525 3128 hic
539 3067 648 3131 titulus
663 3087 701 3128 ex
715 3071 804 3148 perte
827 3070 1060 3132 sustentationis
1081 3070 1136 3130 de-

89 3200 91 3204 .
201 3157 255 3220 bet
272 3177 342 3222 esse
362 3169 548 3243 perpetuus,
570 3163 793 3242 inalienabilis,
815 3166 984 3242 sufficiens
1010 3165 1135 3226 utfinis

201 3251 279 3334 legis
300 3262 521 3336 consequatur.
545 3259 692 3338 Episcopi
713 3261 772 3323 erit
792 3263 955 3341 explorare
983 3261 1135 3324 stabilite-

201 3350 265 3452 tem
280 3353 464 3454 ‘patrimonii
490 3357 522 3416 et
543 3354 763 3422 sufficientiam
789 3357 854 3419 sive
880 3357 1043 3434 beneficii,
1067 3357 1134 3418 sive

201 3457 359 3520 roquirere
374 3451 405 3508 et
419 3448 629 3520 determinare
643 3453 801 3514 fructuum
810 3453 1032 3532 ‘quantitatum
