2530 4016
396 319 435 362 nn
457 317 586 365 osrucro
607 318 690 364 rurus
713 319 868 366 eruemur.
1041 309 1097 369 281

166 463 346 526 terminatio
375 480 438 524 non
470 463 550 525 adeo
578 463 678 527 facilis
701 467 749 526 est
775 465 856 528 sicut
879 466 1098 530 determinatio

88 559 94 569 '
166 561 238 622 festi
252 558 429 622 Natiuitatis
443 561 567 622 Domini
582 565 613 624 et
627 561 708 622 sacri
723 561 897 622 Adventus,

205 658 303 717 Nemo
319 655 414 733 enim,
430 659 465 719 ut
479 658 529 718 vel
547 675 660 735 parum
679 657 711 717 in
736 656 866 719 historia
889 656 1100 723 ecclesiastica

166 757 308 816 versatus
331 753 430 815 nescit
457 754 614 816 celebrem
641 755 888 818 controversiam
910 761 1013 818 ortam
1040 761 1098 820 sub

74 862 77 869 '
164 851 260 911 finem
274 851 380 912 saeculi
393 850 533 926 secundi,
550 852 633 912 ciros
653 852 813 914 Paschatis
837 852 999 915 christiani
1018 858 1097 919 ccle-

166 949 358 1010 brationem.
384 947 537 1011 Videlicet
560 948 720 1010 christiani
752 948 859 1029 quiin
889 951 963 1013 Asia
983 954 1099 1016 minori

165 1045 448 1121 commorabantur,
465 1044 627 1136 Paschatis
650 1045 765 1107 festum
780 1043 939 1109 celebrare
954 1050 1097 1113 solebant

165 1158 237 1200 cum
250 1141 378 1216 Judaeis,
395 1140 469 1202 luna
485 1143 534 1201 14⁸
549 1141 665 1201 mensis
680 1141 785 1202 Nisan.
809 1141 865 1203 Est
879 1147 986 1206 autem
1004 1162 1097 1206 men-

65 1314 70 1323 ·
165 1236 206 1297 sis
221 1236 316 1296 Nisan
332 1236 450 1315 primus
470 1236 586 1296 mensis
600 1237 730 1314 lunaris,
747 1255 803 1298 seu
828 1237 918 1318 cujus
941 1240 1017 1301 luna
1029 1251 1095 1304 xrv⁸

164 1350 276 1410 nempe
299 1332 506 1410 plenilunium
527 1331 611 1395 cadit
633 1331 666 1391 in
689 1331 772 1394 diem
796 1334 884 1394 verni
905 1336 1094 1414 aequinoctii,

163 1428 214 1488 vel
227 1445 324 1507 prope
338 1429 443 1508 ipsum
453 1429 606 1508 sequitur.
715 1432 722 1445 “

203 1523 324 1603 Reliqui
348 1542 423 1586 vcro
445 1523 617 1600 christiani,
639 1525 689 1584 vel
713 1524 752 1585 ab
781 1524 851 1605 ipsa
872 1526 1095 1604 Apostolorum

161 1620 264 1694 aetate,
283 1619 405 1678 Pascha
427 1618 564 1697 agebant
585 1616 740 1679 dominico
759 1617 811 1678 die
835 1619 889 1697 qui
904 1621 975 1696 post
998 1620 1096 1699 aequi-

161 1715 302 1775 noctium
315 1733 457 1791 vernum,
474 1716 582 1775 lunam
596 1730 649 1777 xrv
664 1714 780 1776 mensis
801 1716 897 1778 Nisan
912 1716 1094 1779 immediate

162 1815 363 1891 sequeretur;
380 1830 438 1872 nec
453 1815 537 1874 certe
551 1810 740 1874 inconsulto.

202 1907 350 1970 Sciebant
363 1907 446 1968 enim
460 1907 582 1968 Pascha
596 1907 799 1969 christianum
811 1925 873 1968 non
888 1925 956 1968 esse
971 1907 1094 1969 Pascha

160 2004 273 2084 legale,
297 2003 352 2064 sed
375 2003 459 2064 diem
482 1997 630 2064 solemnis
653 2002 962 2065 commemorationis
981 2005 1093 2064 Resur-

160 2099 308 2161 rectionis
335 2099 459 2160 Christi.
482 2099 553 2160 lam
575 2115 651 2158 vero
677 2098 817 2181 Christus
839 2115 902 2158 non
923 2099 1094 2161 resurrexit

161 2195 211 2256 die
225 2195 385 2256 Paschalis
399 2194 520 2274 legalis,
536 2194 592 2255 sed
607 2195 709 2273 prima
719 2192 843 2256 sabbati
857 2211 912 2253 seu
923 2193 1091 2270 dominico,

160 2307 230 2368 quae
245 2288 424 2350 immediate
440 2291 608 2350 consecuta
623 2293 670 2348 est
685 2286 805 2351 Pascha
815 2285 1012 2347 'ludaeorum

200 2384 263 2446 Sed
287 2386 394 2444 tamen
416 2381 564 2444 dissentio
584 2385 652 2443 erat
671 2399 750 2460 pure
771 2378 989 2459 disciplinaris,
1007 2383 1038 2441 et
1061 2380 1093 2439 in

160 2480 241 2542 facto
265 2479 384 2559 posita,
422 2496 484 2558 quo
512 2478 580 2538 dies
607 2477 767 2538 Paschalis
800 2476 1030 2556 anticipabatur
1052 2476 1092 2536 ab

160 2576 293 2652 Asianis,
311 2593 374 2636 non
388 2579 599 2636 mosaicorum
613 2573 731 2634 rituum
746 2572 1025 2634 custodiendorum
1039 2589 1094 2633 cu-

160 2673 301 2752 piditate,
318 2672 374 2733 sed
388 2671 502 2732 veteris
515 2669 732 2732 tantummodo
745 2669 920 2732 traditionis
930 2668 1092 2732 servandae

161 2785 247 2844 curo,
272 2785 367 2847 quam
390 2764 595 2844 abapostolo
616 2765 739 2826 Joannc
762 2764 938 2826 derivatam
963 2764 1094 2824 arbitra-

159 2864 284 2925 bantur.
303 2863 472 2940 Propterea
486 2860 572 2920 uulla
591 2859 690 2936 initio,
709 2860 769 2921 hac
793 2860 832 2921 dc
860 2875 957 2920 causa
980 2859 1013 2916 in
1034 2859 1094 2918 Ec-

160 2955 255 3017 clesia
268 2958 355 3017 mota·
368 2957 416 3016 est
429 2953 652 3014 controversia.
671 2952 734 3014 Sed
747 2967 855 3011 rerum
872 2949 968 3009 facies
981 2947 1093 3006 immu-

158 3054 224 3114 tata
240 3053 286 3113 est
300 3049 358 3112 sub
372 3049 468 3110 finem
476 3047 582 3109 saeculi
597 3045 757 3126 Pquando
769 3043 898 3124 quaestio
915 3041 1010 3119 coepit
1025 3057 1092 3100 esse

159 3146 348 3226 dogmatica.
366 3145 529 3224 Siquidem
543 3141 740 3205 Montanistae
756 3142 788 3200 et
800 3137 934 3212 Blasius‚
952 3136 1092 3196 coclesiae

160 3259 297 3303 romanae
322 3240 498 3320 presbyter,
519 3254 659 3299 asserere
674 3233 878 3314 incipiebant,
895 3232 999 3294 divino
1020 3231 1093 3312 jure

160 3338 345 3400 christianos
359 3336 460 3398 teneri
476 3351 548 3396 cum
560 3332 678 3395 ludaeis
694 3332 865 3394 celebrare.

200 3433 317 3510 Victor,
335 3433 390 3513 qui
403 3437 478 3494 tuno
494 3433 653 3491 Romanus
667 3427 809 3491 Pontifex
830 3430 908 3505 erat,
925 3427 1038 3490 timens
1054 3444 1093 3486 ne

159 3529 265 3590 Asiani
286 3528 430 3610 ejusdem
454 3525 568 3589 erroris
588 3523 758 3605 participes
779 3525 894 3599 essent,
911 3527 1006 3601 atque
1026 3520 1094 3598 ipsa

676 3641 678 3645 '
963 3633 1009 3688 lo*
