2504 4024
183 313 239 372 {72
391 327 618 374 lnsmvumonns
639 328 721 374 JUllIS
743 329 898 376 canonlcl.

181 472 290 553 quirin
305 470 501 552 Iooopublioo,
519 487 579 551 quo
594 471 823 551 prohibebatur
835 490 874 534 ne
894 473 969 553 quid
988 475 1020 536 in
1039 476 1111 538 looo

180 569 305 647 publico
320 570 419 629 fieret.
444 570 509 630 Hoo
528 566 728 628 interdictum
748 570 816 630 erat
833 585 920 630 mere
938 571 1110 648 prohibito-

180 667 273 743 rium,
296 684 359 727 non
380 664 619 738 restitutorium
644 663 775 741 proinde
796 664 822 724 si
845 664 914 745 quis
935 674 1044 728 eontra
1063 670 1110 728 in-

179 761 347 823 terdictum
363 760 551 822 aedificasset
564 761 595 820 in
613 760 682 821 loeo
697 760 833 839 publico,
855 779 917 822 non
936 765 1110 842 angebatur

181 857 349 919 (edificium
363 856 460 917 semel
474 857 592 917 fantum
607 855 767 917 demolire.
790 855 835 935 (L.
853 860 883 932 2,
899 858 917 936 ἓ
932 857 1043 936 17,«1Τ.)
1060 860 1109 920 Si-

178 952 293 1012 militer
316 951 432 1029 siquis
454 968 491 1010 ex
513 949 622 1010 alienis
643 951 802 1011 oaementis
824 950 1018 1028 aedisloassei,
1043 971 1107 1014 non

173 1047 245 1127 jure
269 1046 395 1126 quidem
419 1044 639 1122 aedifieaverat,
665 1043 721 1105 sed
744 1063 801 1124 pro
825 1047 956 1109 utilitate
979 1047 1108 1126 publiea

178 1141 344 1203 aedifioium
359 1159 421 1204 non
437 1140 644 1222 dijiciebatur.

216 1237 365 1300 Similiter
379 1238 498 1300 obtinet
512 1238 544 1298 in
558 1235 770 1314 matrimonio,
787 1256 826 1298 ue
841 1238 959 1299 bonum
969 1240 1064 1319 prolis
1075 1245 1107 1304 et

175 1335 290 1396 utilitas
313 1333 439 1414 publiea
460 1333 669 1412 perialitetur3
696 1332 841 1395 videlicet
870 1335 1027 1402 contraria
1048 1336 1106 1398 ob-

174 1428 253 1489 tinet
283 1427 531 1508 jurisprudentia
566 1445 635 1507 qnae
669 1415 702 1486 in
730 1427 850 1489 eaeteris
878 1429 1101 1508 conuentibus

174 1542 286 1601 nempe
313 1523 484 1585 sustinetur
511 1522 656 1585 validitas
683 1524 874 1584 matrimonii
900 1524 998 1585 semel
1030 1543 1104 1587 oon-

172 1622 275 1697 traeli,
292 1621 352 1680 nisi
365 1621 415 1680 lex
424 1619 605 1699 prohibens,
618 1620 743 1681 irritans
753 1621 847 1682 etiam
858 1621 1100 1684 demonstretur.

173 1721 298 1780 Stemus
322 1735 378 1795 pro
402 1716 574 1793 validitate,
599 1725 761 1797 quousque
785 1736 848 1779 non
869 1718 1103 1781 demonstratur

172 1804 304 1874 nullitas'
319 1814 417 1889 aeine,
441 1813 537 1873 semel
558 1831 595 1874 ae
614 1813 733 1892 positus
751 1813 860 1887 fuerit3
882 1815 1102 1892 presumimus

171 1908 353 1969 facultatem
377 1913 408 1969 et
430 1909 607 1969 libertatem
632 1912 719 1970 aetus
742 1910 845 1972 valide
867 1909 1015 1988 ponendi,
1042 1911 1103 1970 nisi

170 2007 344 2085 perlegam
359 2005 508 2084 adempta
523 2006 764 2069 demonstretur.

208 2105 290 2182 Ergo
305 2102 356 2163 lex
369 2103 568 2164 matrimonio
585 2103 774 2165 interdicens
793 2104 994 2182 praesumitur
1011 2122 1100 2166 mere

168 2199 386 2279 prohibitoria,
411 2219 474 2260 non
498 2201 593 2262 etiam
615 2201 752 2276 irritans,
779 2199 837 2261 nisi
859 2201 930 2263 talis
954 2200 1099 2262 demons-

167 2299 277 2372 tretur,
294 2294 379 2375 quod
393 2295 438 2372 fit,
455 2297 481 2356 si
495 2298 527 2356 l⁰
541 2296 590 2356 vel
606 2295 726 2356 munita
740 2296 779 2357 sit
794 2315 939 2376 expresse
957 2297 1099 2360 olausula

93 2381 118 2408 ³
167 2393 325 2466 irritante3
349 2395 380 2452 ΞΟ
403 2392 453 2454 vel
475 2392 592 2453 direoto
613 2391 732 2452 infloiat
753 2392 970 2470 substantiam,
995 2412 1100 2455 essen-

165 2485 252 2561 tiam,
270 2490 414 2544 naturam
427 2484 524 2564 ipsius
539 2487 638 2546 aetus.
656 2486 767 2547 Getera
775 2486 1002 2566 impedimenta
1010 2489 1099 2552 velut

165 2595 251 2636 mere
264 2577 457 2654 impedentia
472 2579 629 2640 oensende
644 2583 726 2641 sunt.

205 2671 401 2748 Quapropter
435 2670 584 2750 distingui
618 2672 696 2734 solet
729 2674 872 2736 tractatio
896 2674 935 2735 de
965 2673 1097 2752 impedi-

164 2766 276 2826 mentis
291 2766 322 2826 in
337 2765 415 2826 duas
429 2770 544 2845 panes.

431 2936 455 2975 {⁰
467 2931 500 2975 De
510 2933 667 2988 impedimentis
676 2935 833 2978 dirimentibus.

202 3041 311 3104 XXlll.
329 3041 419 3103 Ciroa
431 3041 657 3121 impedimenta
670 3043 863 3105 matrimonii
877 3047 958 3108 siout
975 3046 1007 3107 in
1027 3067 1096 3110 om·

163 3136 253 3198 nibus
273 3137 338 3197 lere
358 3135 439 3217 juris
462 3138 561 3199 nostri
583 3137 725 3216 partibus
748 3140 878 3218 aoeidit,
903 3160 966 3203 non
990 3147 1096 3221 potest

162 3232 307 3292 constitui
321 3232 466 3311 quaedam
481 3233 604 3296 theoria
612 3236 769 3312 generalis
779 3254 798 3296 a
807 3236 902 3314 priori
913 3257 921 3312 ;
934 3257 997 3300 non
1008 3241 1094 3300 enim

161 3328 386 3406 impedimenta
400 3334 505 3392 omnia
517 3333 586 3394 hae
603 3331 673 3412 jure
694 3333 799 3396 divino
817 3339 891 3398 aunt
910 3339 1090 3414 constituta,

161 3422 215 3482 sed
231 3422 323 3500 plura
337 3443 393 3502 pro
408 3432 586 3504 temporum
606 3431 837 3508 opportunitate
857 3431 986 3494 definita
1005 3437 1090 3512 aunt,

158 3521 251 3599 plura
263 3518 343 3579 torte
359 3520 557 3586 definientur.
