2564 4030
430 320 468 370 nn
490 319 618 372 nurnero
639 324 722 371 runrs
745 323 899 372 cruorum.
1069 311 1127 375 itt

196 471 363 550 septenarii
385 473 501 548 praeter
521 468 712 530 ordinariam
737 471 767 530 et
790 472 988 547 consuetam,
1012 471 1127 551 septies

196 567 364 628 redeuutes
378 568 565 644 percurrunt
578 563 718 644 singulus
736 564 857 628 litteras
876 566 1056 645 septenarii,
1075 587 1128 628 ex-

196 662 345 723 hauriunt
358 679 415 742 pro
430 680 463 721 se
482 661 639 740 integrum
659 661 872 738 septenarium
891 661 1075 738 litterarum,
1097 667 1128 725 et

195 757 325 836 perinde
341 775 378 818 oc
392 758 417 818 si
432 758 485 818 ulii
502 763 624 836 septem
642 757 717 818 anni
740 774 921 818 communes
943 759 1127 836 pertransis·

195 856 275 929 seut,
291 853 447 915 reducunt
462 852 603 914 ordinem
618 853 651 913 in
672 852 848 931 pristinum.
874 851 937 914 Sed
959 856 994 914 ut
1017 853 1126 914 decur-

195 953 265 1010 runt
279 953 399 1029 septem
413 949 552 1012 bis-sexti
568 948 726 1011 ordinarie
741 943 899 1029 loquendo
908 948 1127 1012 desiderentur

193 1048 234 1106 28
248 1047 331 1108 unni.
349 1047 432 1126 Ergo
447 1045 641 1125 perturbatio
656 1045 812 1124 producta
826 1064 845 1106 e
857 1037 1015 1107 bis-sextis
1029 1046 1127 1126 impe-

194 1140 239 1202 dit
254 1141 381 1221 quidem
397 1141 564 1221 quominus
578 1141 698 1203 eaedem
719 1137 831 1204 litterae
854 1141 1057 1203 dominicales
1076 1159 1127 1201 re-

194 1236 289 1298 deunt
303 1235 342 1296 de
358 1236 535 1314 septenario
557 1235 589 1295 in
608 1237 832 1314 septenarium,
853 1235 914 1297 sed
938 1236 1126 1296 uniformem

192 1330 367 1392 litterarum
389 1329 624 1390 dominicalium
642 1330 859 1391 reditumuou
882 1329 963 1392 tollit
983 1329 1123 1406 omnino,

192 1426 248 1488 sed
262 1426 396 1506 longiori
406 1443 560 1486 annorum
570 1426 789 1506 progressione
800 1429 967 1503 restaurat,
980 1425 1126 1487 videlicet

191 1526 282 1605 lapsu
295 1518 335 1586 '28
349 1543 504 1586 annorum
518 1526 572 1605 qui
586 1525 758 1586 absorbunt
778 1524 916 1605 quinque
936 1524 1038 1586 solide
1056 1541 1124 1601 sep·

190 1621 313 1683 teneris
331 1620 517 1698 litterarum,
538 1620 685 1683 videlicet
704 1625 840 1702 quatuor
858 1621 1036 1701 septenario
1051 1620 1124 1699 quia

191 1722 264 1781 sunt
277 1720 316 1780 88
330 1718 415 1795 euni,
433 1717 566 1778 alterum
581 1717 794 1797 septenarium
809 1736 863 1779 seu
884 1717 1026 1798 quintum
1050 1715 1124 1796 quia

191 1816 312 1894 septem
327 1831 366 1875 ex
378 1814 416 1875 iis
428 1818 502 1902 punt
516 1813 668 1876 bis-sexti.

186 1941 188 1946 ·
230 1909 378 1970 Jumvero
402 1907 470 1969 haec
488 1907 637 1986 periodus
658 1910 697 1969 88
719 1923 873 1969 annorum
893 1905 1007 1967 dicitur
1026 1903 1123 1985 cyclus

189 2004 305 2081 soloris,
321 2007 353 2066 et
371 2004 451 2066 solet
470 2003 646 2084 computari
664 2003 704 2064 ab
724 2021 806 2064 enno
827 2019 909 2063 nono
931 2005 1003 2063 ante
1025 2017 1122 2062 aeram
1169 2013 1170 2016 ’

190 2103 391 2165 christianam
404 2102 448 2164 itu
463 2105 498 2163 ut
512 2101 607 2162 hodie
621 2120 676 2162 seu
692 2101 838 2181 praesenti
853 2118 936 2161 anno
948 2102 1025 2162 1858
1035 2103 1122 2161 tran-

190 2197 298 2260 sierint
318 2201 357 2259 66
381 2197 496 2277 integri
517 2197 607 2276 cycli,
629 2202 660 2260 et
680 2197 777 2258 simus
795 2197 827 2256 iu
848 2213 977 2259 numero
998 2195 1119 2256 decimo

190 2311 273 2354 nono
288 2293 368 2372 cycli
382 2297 431 2355 67.
659 2293 671 2370 f

229 2390 337 2452 XXIV.
358 2389 451 2450 Hisce
478 2389 601 2467 positis,
630 2392 665 2450 ut
691 2406 753 2448 uno
780 2386 945 2449 oculorum
974 2387 1038 2448 ictu
1067 2403 1121 2447 co-

188 2491 379 2563 gnoscuntur
401 2484 512 2546 litterae
529 2483 732 2545 dominicales
747 2483 974 2562 respondentes
988 2481 1118 2560 singulis

189 2582 326 2642 numeris
340 2581 419 2660 cycli
435 2580 555 2656 solerie,
573 2587 604 2642 et
618 2580 710 2641 simul
723 2580 835 2640 melius
860 2583 891 2640 ct
909 2578 1046 2658 practice
1069 2595 1118 2638 co-

187 2681 388 2754 gnoscuntur,
405 2665 474 2757 quae
490 2676 551 2736 huc
566 2694 662 2756 usquc
674 2676 820 2752 diximus,
837 2674 1060 2755 soletsequens
1070 2677 1119 2734 to·

188 2772 262 2833 bula
273 2773 419 2834 constitui
435 2791 530 2853 quum
544 2790 600 2834 nos
613 2773 817 2853 producimus
832 2771 872 2832 nl)
884 2790 966 2833 unno
984 2775 1061 2834 1858
1076 2769 1116 2829 ed

187 2873 394 2932 annum1885
410 2870 466 2930 sed
480 2869 682 2950 sequentibus
697 2869 788 2929 annis
802 2868 842 2930 dc
861 2872 900 2929 28
919 2868 950 2927 in
972 2871 1011 2928 28
1026 2867 1117 2947 juxto

186 2983 352 3025 numerum
367 2965 446 3044 cycli
461 2965 570 3027 soleris
585 2983 679 3045 quem
698 2966 804 3042 habet,
821 2963 1009 3042 applicatur.
