2504 4024
155 307 211 365 158
363 313 592 361 1usr1rcrrouns
613 313 695 359 ruars
717 313 873 360 canorum.

192 459 337 523 Ecclesia
353 458 395 519 nil
410 459 554 532 sortitur3
572 457 627 518 sed
643 459 747 535 posset
764 456 917 535 disputari
932 458 971 519 de
989 458 1084 538 justi-

153 560 208 635 tia,
217 557 291 638 quia
300 555 455 636 illegitimi
468 558 540 616 sunt
550 553 614 615 uati
625 571 662 614 ex
672 553 835 634 illegitima
850 552 1082 633 conjunctione,

154 674 216 716 non
230 654 298 715 vioe
312 669 414 714 versa.

192 756 224 812 2⁰
239 752 345 812 Potest
357 765 529 829 agnoscere
544 765 655 808 causas
669 763 777 808 omnes
792 748 1037 816 matrimoniales
1050 748 1084 808 in

154 851 306 928 quantum
326 849 469 929 spectant
489 844 529 905 ad
550 844 680 905 effectus
697 843 804 905 civiles
824 847 908 904 ortos
927 863 965 904 ex
978 844 1085 905 matri-

154 944 269 1019 monio,
292 940 342 1001 vel
363 958 401 999 ex
421 938 630 1018 sponsalibus,
657 938 705 1000 vel
728 957 766 998 ex
788 931 979 998 matrimonii
1002 939 1085 999 solu-

153 1039 257 1110 tione;
276 1040 353 1114 puta
367 1036 405 1096 de
421 1034 667 1110 haereditatibus,
684 1034 723 1096 de
738 1033 969 1109 donationibus,
985 1034 1025 1095 de
1039 1035 1085 1094 le·

153 1133 317 1213 gitimitate
331 1131 437 1211 quoad
448 1130 576 1192 effectus
587 1130 704 1207 civiles,
718 1130 757 1190 de
768 1130 903 1192 mulctis.
915 1133 969 1192 Hae
981 1149 1084 1192 cansae

153 1246 302 1290 connexae
321 1231 394 1289 sunt
411 1243 482 1288 cum
492 1225 711 1302 matrimonio,
727 1225 783 1286 sed
798 1224 915 1287 directe
929 1231 961 1286 et
974 1225 1086 1286 imme-

60 1332 64 1340 ’
153 1325 236 1387 dieta
251 1324 423 1404 respiciunt
436 1340 487 1384 res
500 1322 643 1402 politicas
658 1326 689 1385 et
701 1322 900 1403 temporales.

194 1421 320 1485 Sanctio
336 1421 375 1481 de
390 1420 607 1500 illegitimitate
625 1439 632 1481 ε

193 1519 225 1577 l⁰
251 1514 381 1578 Invertit
408 1519 568 1588 naturam3
591 1513 766 1590 excessivo,
786 1512 903 1593 injusta
922 1516 989 1575 est:
1007 1512 1085 1574 Aliis

153 1612 264 1672 mediis
279 1615 368 1672 curet
381 1610 526 1688 princeps
541 1611 690 1690 consequi
704 1611 859 1672 affectum.

191 1713 224 1769 2⁰
238 1707 473 1769 Contradiceret
486 1706 632 1769 Ecclesiae
647 1705 697 1786 cuj
702 1724 737 1766 us
750 1706 837 1788 leges
852 1725 910 1787 pro
924 1707 1006 1768 bono
1022 1710 1085 1766 sta·

152 1809 202 1866 tus
217 1803 311 1864 debet
324 1801 365 1862 ad
380 1801 614 1864 observantiam
628 1819 752 1883 urgere.

191 1903 224 1961 3⁰
249 1899 425 1979 Attingeret
447 1899 657 1963 moralitatem
681 1903 711 1962 et
737 1900 830 1961 linem
859 1901 1085 1980 supernatura-

151 1994 224 2055 lem.

191 2091 223 2148 4⁰
244 2087 386 2149 Crudelis
406 2093 437 2150 et
457 2088 605 2166 barbara,
622 2089 649 2148 si
670 2088 728 2151 hos
746 2088 827 2150 filios
845 2107 865 2150 a
885 2089 1084 2151 successione

153 2182 342 2246 excluderet.
364 2184 504 2246 Ecclesia
524 2188 630 2264 posset
652 2185 839 2246 interdicere
860 2187 917 2248 bas
938 2186 1024 2267 leges
1048 2193 1084 2248 ut

153 2282 324 2345 contrarias
338 2284 506 2348 moralitati
521 2287 552 2345 et
565 2283 621 2343 fini
635 2283 876 2362 supernaturali.

505 2481 574 2535 Pers
587 2479 727 2547 specialis.
769 2461 771 2465 ’

193 2647 316 2706 Statuta
337 2643 506 2724 originaria
525 2647 557 2706 et
568 2643 795 2724 independenti
813 2643 958 2706 Ecclesia
978 2647 1087 2723 potes-

152 2744 215 2801 tate
230 2739 314 2799 circa
328 2739 488 2802 vinculum
501 2739 731 2800 matrimoniale
745 2740 897 2816 fidelium,
910 2739 1083 2802 videndum

152 2839 295 2916 superest
308 2835 349 2896 ad
363 2837 519 2915 integram
534 2837 726 2897 matrimonii
741 2836 904 2899 christiani
922 2835 1084 2899 tractatio-

151 2951 235 3012 nem,
248 2951 311 3013 qua
320 2931 511 3011 disciplinari
522 2931 592 3012 lege
603 2933 728 2994 vinculo
744 2933 967 2996 matrimoniali
976 2932 1083 2995 Eccle-
1154 2939 1156 2942 ’

151 3031 198 3092 sia
218 3030 404 3110 prospiciat,
419 3047 474 3090 seu
494 3047 557 3109 qua
570 3029 718 3109 prudenti
739 3031 914 3092 oeconomia
927 3030 1084 3112 gubernet

150 3125 260 3186 fideles
275 3126 431 3189 inordina
446 3125 487 3188 ad
502 3126 663 3188 vinculum
679 3117 925 3189 matrimoniale
946 3111 948 3116 ¹

191 3224 289 3284 Porro
313 3224 473 3285 vinculum
502 3221 732 3284 matrimoniale
759 3227 864 3303 potest
891 3223 1084 3286 considerari
1182 3216 1183 3219 ’

151 3315 201 3376 vel
226 3319 475 3380 contrabendum
497 3321 548 3380 vel
571 3323 794 3382 contractum:
819 3321 903 3400 Ergo
922 3320 990 3380 baec
1009 3336 1083 3396 pars

151 3412 294 3488 specialis
317 3417 428 3490 sponte
451 3415 619 3493 bipartitur
642 3419 677 3478 ut
701 3418 732 3476 l⁰
751 3416 918 3495 loquamur
936 3416 975 3476 de
991 3412 1083 3474 disci·

151 3505 237 3582 plina
259 3505 405 3569 Ecclesiae
430 3508 461 3569 in
485 3510 594 3572 ordine
613 3511 654 3570 ad
668 3511 828 3572 vinculum
852 3509 1082 3574 matrimoniale
