2548 4020
194 285 250 342 {78
398 293 626 340 rusurrunronns
647 259 729 340 runis
751 294 906 341 cenorum.

192 447 394 522 augmentum
417 439 551 501 fovendo
575 439 792 514 matrimonia,
809 444 840 501 et
860 440 952 502 simul
975 447 1121 506 avertere

191 538 349 618 publicam
364 536 583 611 calamitatem,
602 553 639 594 cx
649 534 810 597 indefinito
825 538 934 615 populi
948 544 1120 617 augmento

191 634 241 695 oui
263 631 462 714 vitaedesint
489 629 673 692 necessaria.
701 633 779 692 Nam
807 632 866 710 ipsi
895 623 1122 697 constituentes

190 729 369 791 felicitatem
392 729 554 788 nationum
577 728 609 788 in
633 732 802 806 augmento
830 729 991 792 indefinito
1020 748 1122 809 popu-

189 828 309 902 lorum,
349 826 622 904 proclamaverunt
656 814 815 886 cffraenam
848 827 1120 888 matrimoniorum

189 924 376 997 libertatem,
393 922 583 983 damnarunt
601 921 779 983 caelibatnm
796 926 948 1002 tanquam
961 924 987 984 si
1001 928 1119 986 terram

190 1018 444 1098 depopularetur.

229 1116 292 1180 Sed
315 1116 462 1176 viderunt
484 1133 522 1175 ex
544 1114 605 1175 alio
629 1113 731 1194 capite
753 1115 896 1177 homines
919 1115 1119 1196 multiplicari

188 1231 278 1294 posse
303 1213 369 1273 sine
392 1210 501 1288 modo,
525 1217 556 1272 et
578 1210 683 1272 media
710 1212 842 1272 moralia
868 1211 941 1272 inde
966 1211 1118 1290 deficere,

189 1311 302 1391 quibus
330 1309 582 1385 continerentur,
607 1310 638 1368 et
669 1307 773 1368 media
799 1307 975 1369 materialia
1003 1308 1119 1386 quibus

189 1410 448 1471 sustentarentur.
465 1406 549 1483 Ergo
568 1405 708 1466 extante
730 1404 885 1481 libertate,
901 1405 951 1464 vel
969 1405 1001 1464 in
1016 1409 1120 1466 extre-

188 1523 274 1567 mum
303 1502 456 1581 tyranniis
486 1500 659 1576 devenere,
684 1503 717 1560 ut
740 1499 882 1578 pluribus
918 1499 1119 1561 matrimonio

187 1598 307 1660 idoneis
339 1594 492 1656 violenter
525 1591 759 1653 matrimonium
792 1591 1032 1668 interdicerent,
1064 1596 1121 1653 aut

188 1691 283 1752 variis
307 1691 443 1751 consiliis
466 1694 498 1749 et
522 1688 673 1768 oppositis
693 1686 891 1768 opinionibus
905 1685 1057 1765 implicati
1075 1688 1121 1748 nil

188 1784 319 1845 definire
333 1784 512 1862 potuerunt.

228 1879 291 1942 Sed
319 1898 388 1959 quea
417 1877 602 1940 abscondita
635 1882 709 1940 sunt
735 1867 961 1956 sapientibus,
978 1877 1120 1939 revelato

188 1981 260 2040 sunt
280 1975 429 2055 parvulis.
452 1977 556 2038 Pauca
577 1974 690 2037 Christi
712 1975 810 2035 verba
830 1974 949 2035 nodum
970 1973 1118 2038 solvunt:

188 2075 268 2137 Sunt
288 2072 413 2134 eunuchi
432 2073 485 2153 qui
505 2069 542 2133 dc
555 2071 660 2132 matris
682 2078 762 2131 atero
779 2071 899 2132 siccati
916 2080 993 2146 scat,
1009 2080 1122 2132 etcum

188 2163 312 2227 eunuchi
323 2165 377 2245 qui
388 2163 426 2224 cb
440 2162 600 2224 bominibus
618 2163 695 2243 sacti
706 2159 789 2240 sont,
800 2171 829 2224 ct
843 2172 910 2224 sant
926 2164 1051 2226 eunuchi
1067 2164 1123 2245 qui

188 2278 217 2320 se
226 2259 301 2340 ipsos
315 2265 518 2320 castraverunt
530 2264 655 2338 propter
669 2275 792 2336 reprcunt
806 2257 1016 2338 catecumeni
1026 2266 1121 2338 potest

188 2373 308 2435 capere,
324 2356 440 2434 cupiat.

228 2452 380 2514 Videlicet
394 2455 508 2530 praeter
522 2448 698 2511 naturalem
711 2449 928 2529 impotentiam
943 2469 1037 2530 quam
1052 2451 1121 2530 qui·

188 2550 262 2609 dam
276 2548 325 2608 vel
340 2548 513 2622 nativitate,
530 2547 579 2607 vel
594 2546 833 2625 superveniente
856 2544 1033 2608 calamitate
1054 2564 1119 2607 scr-

187 2643 306 2705 tiuntur
321 2660 397 2720 erga
411 2643 655 2718 matrimonium,
672 2642 774 2722 gratia
788 2643 844 2702 Dei
857 2642 1022 2702 hominum
1036 2641 1121 2701 mul-

188 2737 313 2800 titudini
333 2737 430 2799 suasit
449 2742 480 2799 et
494 2738 605 2800 suadet
625 2738 807 2816 possibilem
825 2756 892 2799 esse
907 2741 939 2800 et
953 2738 1120 2816 perfectio-

187 2852 255 2896 rem
277 2833 476 2896 continentia
498 2836 624 2910 statum‚
641 2837 673 2895 et
693 2834 737 2896 ita
757 2836 889 2913 opponit
909 2852 1005 2896 suave
1020 2841 1052 2895 ct
1065 2852 1119 2896 vo·

188 2931 358 2992 luntarium
379 2928 576 2992 obstaculum
596 2929 765 2992 tendentiae
788 2932 1017 3012 propagatrici,
1043 2932 1119 3012 quin

182 3029 229 3090 ad
244 3027 354 3108 pejora
367 3029 516 3106 provocet
530 3026 623 3088 delict
646 3071 653 3087 .

227 3124 368 3186 Ecclesia
394 3124 478 3184 hunc
505 3126 620 3185 statum
652 3122 852 3202 perfectionis
881 3123 934 3204 qui
960 3123 1120 3186 sanctitati

188 3219 410 3295 mysteriorum
429 3220 460 3279 ct
478 3215 578 3294 plebis
600 3215 786 3278 institutioni
813 3219 895 3277 esset
922 3220 1120 3296 opportunus

188 3311 308 3373 clericis
330 3312 479 3393 injunxit;
504 3312 556 3372 alii
579 3315 731 3390 perpetuo
754 3315 923 3386 voverunt3
948 3311 1001 3371 alii
1023 3312 1120 3373 statui
1153 3367 1155 3371 ,
1196 3351 1201 3358 -

189 3406 352 3470 ooelibatus
365 3412 481 3470 statum
495 3408 679 3470 voluntariae
694 3409 888 3487 paupertatis
909 3407 1119 3488 adjungentes

187 3506 272 3566 bona
284 3503 378 3582 hujus
392 3503 540 3583 temporis
554 3503 741 3584 conjugibus
760 3504 908 3566 uberiora
922 3505 1119 3584 reliquerunt
