2530 4016
207 325 266 394 328
379 335 381 340 '
414 337 644 388 rnsrlrurrouns
665 339 748 387 Junrs
771 337 926 387 canonici.

133 546 136 553 .
207 508 269 552 non
283 494 407 552 tantum
421 487 561 550 Ecclesia
574 487 740 566 generalis,
758 485 813 546 sed
835 493 868 546 et
882 485 1020 565 singulae
1045 505 1143 566 pecu-

205 587 299 646 liares
332 584 472 648 ecolesiae
504 583 684 645 habuerunt
711 583 759 642 sui
788 581 904 660 peculii
938 583 1144 646 administra-

207 681 336 742 tionem.

248 778 308 839 Sed
331 775 470 837 Ecclesia
484 793 579 854 super
603 775 766 853 episcopos
790 774 923 836 fundata
947 781 1005 851 est,
1031 780 1063 837 et
1083 794 1143 854 per

208 870 335 932 eosdem
358 869 543 948 praepositos
572 869 673 929 omnis
700 869 782 929 illius
806 876 906 930 coetus
930 871 1138 949 gubernatur.

194 956 290 1043 'Ergo
306 965 459 1042 quotquot
471 962 649 1023 constituta
672 965 744 1023 sunt
759 960 922 1038 dioeceses,
943 962 1031 1024 velut
1054 980 1143 1023 com-

207 1059 373 1120 munitates
388 1056 607 1118 ecclesiastioaa
622 1057 653 1116 in
668 1075 725 1118 suo
740 1075 857 1136 genere
873 1059 1031 1137 perfectae,
1053 1060 1142 1122 velut

205 1155 336 1216 totidem
350 1153 474 1214 familiae
490 1151 679 1229 christiana,
695 1153 827 1214 totidem
838 1159 1053 1234 apparuerunt
1067 1173 1142 1235 par-

205 1250 350 1312 ticularia
373 1251 520 1311 Ecclesia
541 1249 741 1328 patrimonia,
768 1268 837 1329 quae
862 1269 881 1311 a
902 1251 1033 1330 singulis
1056 1251 1143 1331 epis-

207 1346 293 1426 copis
311 1346 397 1407 velut
410 1345 552 1424 patribus
574 1344 708 1406 familias
733 1349 764 1406 et
784 1346 957 1408 rectoribus
977 1345 1141 1408 societatis

208 1441 426 1503 ecclesiasticae
441 1441 666 1504 administrata
681 1446 765 1504 sunt.

247 1540 307 1599 Pro
323 1538 471 1618 qualitate
487 1543 592 1599 autem
608 1537 825 1600 destinationis
845 1555 939 1618 quam
955 1538 1073 1600 habent
1088 1555 1141 1599 res

207 1635 395 1714 temporales
409 1634 569 1710 Ecclesiae,
586 1633 626 1694 ad
642 1651 695 1695 eos
708 1633 787 1693 fines
802 1633 922 1696 directa
936 1639 984 1694 est
998 1633 1065 1718 haeo
1081 1632 1143 1694 ad-

207 1728 405 1805 ministratio,
430 1735 464 1789 ut
484 1748 541 1808 per
562 1747 632 1789 eam
654 1729 897 1809 providerentur
918 1731 1083 1808 episcopus
1108 1733 1143 1791 et

208 1824 311 1885 clerici
331 1824 527 1886 convenienti
552 1825 788 1899 sustentatione,
805 1828 837 1886 et
856 1829 970 1886 caetera
993 1823 1145 1901 provide·

208 1925 317 1982 rentur
331 1939 401 2000 quae
416 1921 457 1980 ad
472 1920 613 1982 divinum
628 1922 746 1981 cultum
761 1921 964 1998 pertinerent,
982 1925 1013 1982 et
1032 1938 1142 1981 sacro-

208 2035 279 2078 rum
293 2016 604 2094 administrationem,
623 2035 681 2077 nec
696 2033 758 2076 non
772 2035 829 2094 per
844 2035 882 2076 ea
895 2016 1141 2096 providerentur

208 2113 376 2192 peregrini,
393 2131 585 2191 pauperes..
604 2130 665 2173 uuo
686 2112 782 2172 verbo
804 2111 965 2173 charitatis
989 2111 1142 2190 operibus

208 2208 366 2269 satisfierit
381 2208 494 2286 quibus
510 2226 546 2267 ex
560 2209 700 2271 instituto
716 2225 772 2268 suo
787 2207 893 2269 studet
907 2207 1056 2268 Ecclesia.

250 2301 384 2381 Speciali
399 2306 505 2363 autem
519 2303 613 2363 modo
627 2319 684 2379 per
699 2318 736 2360 ea
751 2301 912 2378 provisum
926 2316 989 2359 non
1013 2298 1073 2360 tuit
1090 2299 1141 2378 ju-

209 2397 311 2457 vando
335 2397 438 2457 studio
462 2397 651 2476 evangelicae
672 2395 871 2474 perfectionis
896 2401 926 2455 et
949 2397 1020 2456 vitae
1045 2414 1143 2475 regu-

209 2483 293 2565 laris,
310 2489 425 2568 quippe
444 2487 589 2550 monachi
611 2487 760 2566 primitivi
778 2488 817 2547 de
838 2487 966 2565 propria
986 2485 1143 2547 industria

210 2591 241 2644 et
267 2585 375 2644 labore
404 2602 554 2645 manuum
582 2602 711 2644 suarum
743 2583 800 2642 sibi
828 2583 947 2643 victum
973 2586 1142 2662 vestesque

209 2688 450 2757 compararunt3
475 2681 564 2759 lapsu
591 2679 741 2759 temporis
762 2679 928 2758 temporali
951 2678 1142 2757 patrimonio

209 2777 312 2849 aucta,
329 2776 520 2834 monasteria
534 2779 713 2852 separatam
733 2774 814 2836 illius
837 2775 1015 2836 habuerunt
1040 2774 1140 2834 admi-

210 2870 436 2946 nistrationem,
454 2889 523 2950 quae
536 2871 603 2950 jam
617 2877 684 2934 tum
698 2874 738 2932 ab
758 2871 853 2934 initiis
870 2871 988 2932 ratione
1012 2889 1142 2949 exemp-

209 2968 329 3029 tionum
343 2967 383 3028 ab
399 2966 566 3047 episcopali
578 2966 796 3046 jurisdictione
811 2969 971 3030 subtracta
985 2971 1045 3029 est.

250 3063 312 3125 Sed
326 3063 400 3124 licet
413 3082 526 3142 scopus
541 3064 723 3125 oeconomia
734 3064 1013 3126 administrationis
1024 3065 1140 3144 peculii

211 3158 413 3220 ecclesiastici
429 3178 552 3238 semper
565 3160 617 3221 ille
632 3159 690 3222 fuit
704 3166 738 3220 ut
755 3162 942 3240 temporalia
959 3162 1056 3222 finem
1074 3179 1140 3223 sua

211 3257 425 3320 destinationis
444 3264 695 3338 assequerentur,
718 3260 864 3322 videlicet
879 3266 913 3324 ut
931 3263 1141 3339 spiritualium

210 3369 315 3412 rerum
343 3354 533 3416 adminicula
553 3362 665 3418 ,essent
691 3358 879 3434 necessaria,
904 3376 966 3419 non
988 3377 1054 3419 una
1081 3357 1142 3418 tuit

210 3446 487 3510 administrationis
502 3453 580 3512 ratio
596 3456 630 3514 ut
652 3452 710 3513 iste
732 3453 802 3513 finis
824 3457 1058 3534 assequeretur,
1085 3453 1143 3516 sed

210 3538 304 3601 verim
319 3541 446 3603 fuerunt
461 3545 554 3622 hujus
568 3545 846 3611 administrationis
861 3550 955 3612 vices.
