<?xml version="1.0" encoding="UTF-8"?>
<!DOCTYPE html PUBLIC "-//W3C//DTD XHTML 1.0 Transitional//EN"
    "http://www.w3.org/TR/xhtml1/DTD/xhtml1-transitional.dtd">
<html xmlns="http://www.w3.org/1999/xhtml" xml:lang="en" lang="en">
 <head>
  <title>
</title>
<meta http-equiv="Content-Type" content="text/html;charset=utf-8" />
  <meta name='ocr-system' content='tesseract 3.04.00' />
  <meta name='ocr-capabilities' content='ocr_page ocr_carea ocr_par ocr_line ocrx_word'/>
</head>
<body>
  <div class='ocr_page' id='page_1' title='image "./institutionesju00marigoog_0056.png"; bbox 0 0 2476 4022; ppageno 0'>
   <div class='ocr_carea' id='block_1_1' title="bbox 373 317 1068 378">
    <p class='ocr_par' dir='ltr' id='par_1_1' title="bbox 373 317 1068 378">
     <span class='ocr_line' id='line_1_1' title="bbox 373 317 1068 378; baseline 0.001 -2"><span class='ocrx_word' id='word_1_1' title='bbox 373 332 412 378; x_wconf 83' lang='lat' dir='ltr'>ns</span> <span class='ocrx_word' id='word_1_2' title='bbox 433 329 560 378; x_wconf 81' lang='lat' dir='ltr'>omncro</span> <span class='ocrx_word' id='word_1_3' title='bbox 580 330 661 377; x_wconf 77' lang='lat' dir='ltr'>sonis</span> <span class='ocrx_word' id='word_1_4' title='bbox 684 328 839 376; x_wconf 74' lang='lat' dir='ltr'>canonica</span> <span class='ocrx_word' id='word_1_5' title='bbox 1028 317 1068 378; x_wconf 76' lang='lat' dir='ltr'>lt</span> 
     </span>
    </p>
   </div>
   <div class='ocr_carea' id='block_1_2' title="bbox 109 474 1144 2088">
    <p class='ocr_par' dir='ltr' id='par_1_2' title="bbox 109 474 1144 2088">
     <span class='ocr_line' id='line_1_2' title="bbox 132 474 1069 558; baseline -0.002 -16"><span class='ocrx_word' id='word_1_6' title='bbox 132 499 207 542; x_wconf 91' lang='lat' dir='ltr'>rum</span> <span class='ocrx_word' id='word_1_7' title='bbox 216 479 411 558; x_wconf 81' lang='lat' dir='ltr'>privatarum</span> <span class='ocrx_word' id='word_1_8' title='bbox 421 475 601 552; x_wconf 78' lang='lat' dir='ltr'>celebratio,</span> <span class='ocrx_word' id='word_1_9' title='bbox 618 474 712 537; x_wconf 85' lang='lat' dir='ltr'>variis</span> <span class='ocrx_word' id='word_1_10' title='bbox 726 474 876 538; x_wconf 86' lang='lat' dir='ltr'>abusibus</span> <span class='ocrx_word' id='word_1_11' title='bbox 889 475 999 540; x_wconf 82' lang='lat' dir='ltr'>istbaec</span> <span class='ocrx_word' id='word_1_12' title='bbox 1008 475 1069 540; x_wconf 83' lang='lat' dir='ltr'>dis·</span> 
     </span>
     <span class='ocr_line' id='line_1_3' title="bbox 132 573 1070 658; baseline -0.003 -17"><span class='ocrx_word' id='word_1_13' title='bbox 132 579 251 658; x_wconf 86' lang='lat' dir='ltr'>ciplina</span> <span class='ocrx_word' id='word_1_14' title='bbox 265 576 378 657; x_wconf 90' lang='lat' dir='ltr'>patuit.</span> <span class='ocrx_word' id='word_1_15' title='bbox 395 574 572 655; x_wconf 81' lang='lat' dir='ltr'><strong>Aliquando</strong></span> <span class='ocrx_word' id='word_1_16' title='bbox 587 574 673 636; x_wconf 84' lang='lat' dir='ltr'>eolus</span> <span class='ocrx_word' id='word_1_17' title='bbox 687 573 845 650; x_wconf 89' lang='lat' dir='ltr'>sacerdos,</span> <span class='ocrx_word' id='word_1_18' title='bbox 858 576 983 638; x_wconf 88' lang='lat' dir='ltr'>nemine</span> <span class='ocrx_word' id='word_1_19' title='bbox 997 576 1070 638; x_wconf 87' lang='lat' dir='ltr'>ads-</span> 
     </span>
     <span class='ocr_line' id='line_1_4' title="bbox 109 669 1069 758; baseline -0.003 -20"><span class='ocrx_word' id='word_1_20' title='bbox 109 677 111 682; x_wconf 83' lang='lat'>&#39;</span> <span class='ocrx_word' id='word_1_21' title='bbox 133 678 232 752; x_wconf 90' lang='lat' dir='ltr'>tante,</span> <span class='ocrx_word' id='word_1_22' title='bbox 244 673 304 735; x_wconf 85' lang='lat' dir='ltr'>nec</span> <span class='ocrx_word' id='word_1_23' title='bbox 314 673 369 758; x_wconf 87' lang='lat' dir='ltr'>qni</span> <span class='ocrx_word' id='word_1_24' title='bbox 378 671 595 750; x_wconf 86' lang='lat' dir='ltr'>responderet,</span> <span class='ocrx_word' id='word_1_25' title='bbox 612 669 802 732; x_wconf 90' lang='lat' dir='ltr'>celebrabat.</span> <span class='ocrx_word' id='word_1_26' title='bbox 813 669 849 730; x_wconf 93' lang='lat' dir='ltr'>ld</span> <span class='ocrx_word' id='word_1_27' title='bbox 858 670 960 733; x_wconf 76' lang='lat' dir='ltr'>Missa</span> <span class='ocrx_word' id='word_1_28' title='bbox 970 691 1069 752; x_wconf 76' lang='lat' dir='ltr'>genua</span> 
     </span>
     <span class='ocr_line' id='line_1_5' title="bbox 132 767 1069 852; baseline -0.002 -18"><span class='ocrx_word' id='word_1_29' title='bbox 132 772 282 852; x_wconf 86' lang='lat' dir='ltr'>primitus</span> <span class='ocrx_word' id='word_1_30' title='bbox 309 769 515 831; x_wconf 88' lang='lat' dir='ltr'>instituerunt</span> <span class='ocrx_word' id='word_1_31' title='bbox 542 767 689 827; x_wconf 86' lang='lat' dir='ltr'>monachi</span> <span class='ocrx_word' id='word_1_32' title='bbox 716 783 789 828; x_wconf 84' lang='lat' dir='ltr'>saec.</span> <span class='ocrx_word' id='word_1_33' title='bbox 824 767 1005 842; x_wconf 86' lang='lat' dir='ltr'>1x‚deinde</span> <span class='ocrx_word' id='word_1_34' title='bbox 1038 773 1069 834; x_wconf 91' lang='lat' dir='ltr'>et</span> 
     </span>
     <span class='ocr_line' id='line_1_6' title="bbox 133 861 1068 944; baseline -0.003 -15"><span class='ocrx_word' id='word_1_35' title='bbox 133 867 303 930; x_wconf 84' lang='lat' dir='ltr'>saeoulares</span> <span class='ocrx_word' id='word_1_36' title='bbox 319 863 497 944; x_wconf 85' lang='lat' dir='ltr'>presbyteri</span> <span class='ocrx_word' id='word_1_37' title='bbox 512 861 724 942; x_wconf 86' lang='lat' dir='ltr'>arripuerunt,</span> <span class='ocrx_word' id='word_1_38' title='bbox 737 863 822 942; x_wconf 88' lang='lat' dir='ltr'>quod</span> <span class='ocrx_word' id='word_1_39' title='bbox 837 864 919 926; x_wconf 85' lang='lat' dir='ltr'>sacri</span> <span class='ocrx_word' id='word_1_40' title='bbox 932 881 1068 927; x_wconf 87' lang='lat' dir='ltr'>canones</span> 
     </span>
     <span class='ocr_line' id='line_1_7' title="bbox 134 957 1068 1036; baseline -0.002 -14"><span class='ocrx_word' id='word_1_41' title='bbox 134 963 304 1022; x_wconf 76' lang='lat' dir='ltr'><strong>vetuerant</strong></span> <span class='ocrx_word' id='word_1_42' title='bbox 326 958 367 1020; x_wconf 91' lang='lat' dir='ltr'>ob</span> <span class='ocrx_word' id='word_1_43' title='bbox 389 957 563 1034; x_wconf 84' lang='lat' dir='ltr'>absurdum</span> <span class='ocrx_word' id='word_1_44' title='bbox 578 957 740 1036; x_wconf 86' lang='lat' dir='ltr'>(Dominus</span> <span class='ocrx_word' id='word_1_45' title='bbox 759 959 924 1020; x_wconf 85' lang='lat' dir='ltr'>vobiscum</span> <span class='ocrx_word' id='word_1_46' title='bbox 940 993 981 1004; x_wconf 89' lang='lat'><em>-</em></span> <span class='ocrx_word' id='word_1_47' title='bbox 995 961 1068 1022; x_wconf 93' lang='lat' dir='ltr'>Sur-</span> 
     </span>
     <span class='ocr_line' id='line_1_8' title="bbox 134 1053 1069 1134; baseline -0.002 -14"><span class='ocrx_word' id='word_1_48' title='bbox 134 1077 205 1120; x_wconf 89' lang='lat' dir='ltr'>sum</span> <span class='ocrx_word' id='word_1_49' title='bbox 226 1056 337 1132; x_wconf 90' lang='lat' dir='ltr'>corda,</span> <span class='ocrx_word' id='word_1_50' title='bbox 362 1053 448 1132; x_wconf 78' lang='lat' dir='ltr'>ete).</span> <span class='ocrx_word' id='word_1_51' title='bbox 466 1053 650 1134; x_wconf 51' lang='lat' dir='ltr'>aliquando¹</span> <span class='ocrx_word' id='word_1_52' title='bbox 663 1055 704 1115; x_wconf 90' lang='lat' dir='ltr'>ad</span> <span class='ocrx_word' id='word_1_53' title='bbox 723 1061 879 1134; x_wconf 87' lang='lat' dir='ltr'>quaestum</span> <span class='ocrx_word' id='word_1_54' title='bbox 899 1059 946 1118; x_wconf 89' lang='lat' dir='ltr'>tol</span> <span class='ocrx_word' id='word_1_55' title='bbox 959 1054 991 1116; x_wconf 92' lang='lat' dir='ltr'>in</span> <span class='ocrx_word' id='word_1_56' title='bbox 1005 1074 1069 1118; x_wconf 87' lang='lat' dir='ltr'>una</span> 
     </span>
     <span class='ocr_line' id='line_1_9' title="bbox 134 1148 1105 1231; baseline -0.001 -16"><span class='ocrx_word' id='word_1_57' title='bbox 134 1152 230 1217; x_wconf 86' lang='lat' dir='ltr'>Missa</span> <span class='ocrx_word' id='word_1_58' title='bbox 244 1150 475 1212; x_wconf 89' lang='lat' dir='ltr'>consecrabant</span> <span class='ocrx_word' id='word_1_59' title='bbox 484 1148 602 1210; x_wconf 86' lang='lat' dir='ltr'>hostias</span> <span class='ocrx_word' id='word_1_60' title='bbox 612 1153 689 1228; x_wconf 81' lang='lat' dir='ltr'>quot</span> <span class='ocrx_word' id='word_1_61' title='bbox 698 1150 853 1229; x_wconf 89' lang='lat' dir='ltr'>stipendia</span> <span class='ocrx_word' id='word_1_62' title='bbox 862 1151 1065 1231; x_wconf 87' lang='lat' dir='ltr'>recepissent.</span> <span class='ocrx_word' id='word_1_63' title='bbox 1101 1173 1105 1183; x_wconf 94' lang='lat'><em>·</em></span> 
     </span>
     <span class='ocr_line' id='line_1_10' title="bbox 134 1243 1070 1327; baseline 0 -19"><span class='ocrx_word' id='word_1_64' title='bbox 134 1246 314 1327; x_wconf 79' lang='lat' dir='ltr'>Aliquando</span> <span class='ocrx_word' id='word_1_65' title='bbox 330 1261 389 1324; x_wconf 91' lang='lat' dir='ltr'>pro</span> <span class='ocrx_word' id='word_1_66' title='bbox 404 1243 634 1323; x_wconf 84' lang='lat' dir='ltr'><strong>stipendiorum</strong></span> <span class='ocrx_word' id='word_1_67' title='bbox 654 1263 785 1308; x_wconf 88' lang='lat' dir='ltr'>numero</span> <span class='ocrx_word' id='word_1_68' title='bbox 807 1247 1010 1310; x_wconf 78' lang='lat' dir='ltr'>celebrabant</span> <span class='ocrx_word' id='word_1_69' title='bbox 1021 1250 1070 1309; x_wconf 88' lang='lat' dir='ltr'>tot</span> 
     </span>
     <span class='ocr_line' id='line_1_11' title="bbox 134 1338 1070 1418; baseline -0.001 -15"><span class='ocrx_word' id='word_1_70' title='bbox 134 1342 248 1402; x_wconf 86' lang='lat' dir='ltr'>missas</span> <span class='ocrx_word' id='word_1_71' title='bbox 267 1340 467 1418; x_wconf 67' lang='lat' dir='ltr'>siccasque</span> <span class='ocrx_word' id='word_1_72' title='bbox 487 1338 631 1401; x_wconf 82' lang='lat' dir='ltr'>sacrificii</span> <span class='ocrx_word' id='word_1_73' title='bbox 651 1357 715 1418; x_wconf 86' lang='lat' dir='ltr'>prae</span> <span class='ocrx_word' id='word_1_74' title='bbox 729 1357 762 1400; x_wconf 86' lang='lat' dir='ltr'>se</span> <span class='ocrx_word' id='word_1_75' title='bbox 781 1338 925 1400; x_wconf 84' lang='lat' dir='ltr'>ferebant</span> <span class='ocrx_word' id='word_1_76' title='bbox 941 1340 1070 1402; x_wconf 86' lang='lat' dir='ltr'>simula-</span> 
     </span>
     <span class='ocr_line' id='line_1_12' title="bbox 135 1433 1144 1516; baseline -0.005 -14"><span class='ocrx_word' id='word_1_77' title='bbox 135 1438 265 1514; x_wconf 87' lang='lat' dir='ltr'>tionem,</span> <span class='ocrx_word' id='word_1_78' title='bbox 284 1453 323 1496; x_wconf 90' lang='lat' dir='ltr'>eo</span> <span class='ocrx_word' id='word_1_79' title='bbox 345 1435 431 1516; x_wconf 84' lang='lat' dir='ltr'>qnod</span> <span class='ocrx_word' id='word_1_80' title='bbox 444 1434 477 1495; x_wconf 92' lang='lat' dir='ltr'>in</span> <span class='ocrx_word' id='word_1_81' title='bbox 491 1434 529 1495; x_wconf 87' lang='lat' dir='ltr'>iis</span> <span class='ocrx_word' id='word_1_82' title='bbox 543 1435 639 1496; x_wconf 89' lang='lat' dir='ltr'>fiebat</span> <span class='ocrx_word' id='word_1_83' title='bbox 660 1433 788 1512; x_wconf 90' lang='lat' dir='ltr'>oblatio,</span> <span class='ocrx_word' id='word_1_84' title='bbox 806 1438 836 1498; x_wconf 91' lang='lat' dir='ltr'>et</span> <span class='ocrx_word' id='word_1_85' title='bbox 856 1435 1070 1499; x_wconf 76' lang='lat' dir='ltr'>recitabantur</span> <span class='ocrx_word' id='word_1_86' title='bbox 1141 1437 1144 1444; x_wconf 89' lang='lat'>&#39;</span> 
     </span>
     <span class='ocr_line' id='line_1_13' title="bbox 135 1530 1066 1612; baseline 0 -18"><span class='ocrx_word' id='word_1_87' title='bbox 135 1551 247 1612; x_wconf 81' lang='lat' dir='ltr'>preces</span> <span class='ocrx_word' id='word_1_88' title='bbox 262 1531 385 1592; x_wconf 87' lang='lat' dir='ltr'>omissis</span> <span class='ocrx_word' id='word_1_89' title='bbox 400 1549 524 1592; x_wconf 85' lang='lat' dir='ltr'>canone</span> <span class='ocrx_word' id='word_1_90' title='bbox 539 1533 570 1592; x_wconf 88' lang='lat' dir='ltr'>et</span> <span class='ocrx_word' id='word_1_91' title='bbox 584 1530 819 1594; x_wconf 89' lang='lat' dir='ltr'>consecratione</span> <span class='ocrx_word' id='word_1_92' title='bbox 833 1535 865 1594; x_wconf 89' lang='lat' dir='ltr'>et</span> <span class='ocrx_word' id='word_1_93' title='bbox 877 1531 1066 1610; x_wconf 83' lang='lat' dir='ltr'>sumptione.</span> 
     </span>
     <span class='ocr_line' id='line_1_14' title="bbox 137 1626 1066 1704; baseline 0 -16"><span class='ocrx_word' id='word_1_94' title='bbox 137 1628 272 1700; x_wconf 78' lang='lat' dir='ltr'>Quidam</span> <span class='ocrx_word' id='word_1_95' title='bbox 294 1626 441 1688; x_wconf 89' lang='lat' dir='ltr'>dicebant</span> <span class='ocrx_word' id='word_1_96' title='bbox 462 1627 572 1688; x_wconf 90' lang='lat' dir='ltr'>Missas</span> <span class='ocrx_word' id='word_1_97' title='bbox 592 1626 770 1704; x_wconf 82' lang='lat' dir='ltr'>bifaciatas,</span> <span class='ocrx_word' id='word_1_98' title='bbox 787 1628 974 1704; x_wconf 76' lang='lat' dir='ltr'>trifaciateS,</span> <span class='ocrx_word' id='word_1_99' title='bbox 992 1629 1066 1703; x_wconf 82' lang='lat' dir='ltr'>eta,</span> 
     </span>
     <span class='ocr_line' id='line_1_15' title="bbox 138 1724 1067 1803; baseline -0.002 -16"><span class='ocrx_word' id='word_1_100' title='bbox 138 1727 258 1788; x_wconf 88' lang='lat' dir='ltr'>scilicet</span> <span class='ocrx_word' id='word_1_101' title='bbox 277 1725 357 1785; x_wconf 82' lang='lat' dir='ltr'>duas</span> <span class='ocrx_word' id='word_1_102' title='bbox 378 1724 523 1802; x_wconf 88' lang='lat' dir='ltr'>pluresve</span> <span class='ocrx_word' id='word_1_103' title='bbox 537 1725 569 1786; x_wconf 94' lang='lat' dir='ltr'>in</span> <span class='ocrx_word' id='word_1_104' title='bbox 585 1741 690 1803; x_wconf 87' lang='lat' dir='ltr'>unam,</span> <span class='ocrx_word' id='word_1_105' title='bbox 708 1745 762 1788; x_wconf 87' lang='lat' dir='ltr'>seu</span> <span class='ocrx_word' id='word_1_106' title='bbox 783 1727 842 1788; x_wconf 90' lang='lat' dir='ltr'>snb</span> <span class='ocrx_word' id='word_1_107' title='bbox 864 1745 925 1789; x_wconf 92' lang='lat' dir='ltr'>uno</span> <span class='ocrx_word' id='word_1_108' title='bbox 947 1743 1067 1788; x_wconf 87' lang='lat' dir='ltr'>canone</span> 
     </span>
     <span class='ocr_line' id='line_1_16' title="bbox 138 1821 1068 1904; baseline -0.004 -18"><span class='ocrx_word' id='word_1_109' title='bbox 138 1823 326 1904; x_wconf 83' lang='lat' dir='ltr'>repetebant</span> <span class='ocrx_word' id='word_1_110' title='bbox 339 1824 473 1883; x_wconf 81' lang='lat' dir='ltr'>coeteras</span> <span class='ocrx_word' id='word_1_111' title='bbox 495 1821 653 1893; x_wconf 86' lang='lat' dir='ltr'>orationes¹</span> <span class='ocrx_word' id='word_1_112' title='bbox 665 1826 712 1885; x_wconf 92' lang='lat' dir='ltr'>tot</span> <span class='ocrx_word' id='word_1_113' title='bbox 724 1822 845 1884; x_wconf 87' lang='lat' dir='ltr'>vicibus</span> <span class='ocrx_word' id='word_1_114' title='bbox 860 1826 937 1903; x_wconf 90' lang='lat' dir='ltr'>quot</span> <span class='ocrx_word' id='word_1_115' title='bbox 950 1822 1068 1901; x_wconf 87' lang='lat' dir='ltr'>stipen-</span> 
     </span>
     <span class='ocr_line' id='line_1_17' title="bbox 138 1917 1068 1999; baseline -0.004 -18"><span class='ocrx_word' id='word_1_116' title='bbox 138 1921 189 1982; x_wconf 84' lang='lat' dir='ltr'>dia</span> <span class='ocrx_word' id='word_1_117' title='bbox 203 1919 410 1998; x_wconf 84' lang='lat' dir='ltr'>accepissent.</span> <span class='ocrx_word' id='word_1_118' title='bbox 422 1917 484 1979; x_wconf 90' lang='lat' dir='ltr'>Sed</span> <span class='ocrx_word' id='word_1_119' title='bbox 499 1935 607 1980; x_wconf 86' lang='lat' dir='ltr'>omnes</span> <span class='ocrx_word' id='word_1_120' title='bbox 622 1919 679 1980; x_wconf 90' lang='lat' dir='ltr'>bos</span> <span class='ocrx_word' id='word_1_121' title='bbox 693 1918 833 1999; x_wconf 83' lang='lat' dir='ltr'>aliosque</span> <span class='ocrx_word' id='word_1_122' title='bbox 848 1919 966 1979; x_wconf 87' lang='lat' dir='ltr'>abusus</span> <span class='ocrx_word' id='word_1_123' title='bbox 981 1917 1068 1978; x_wconf 88' lang='lat' dir='ltr'>dam·</span> 
     </span>
     <span class='ocr_line' id='line_1_18' title="bbox 138 2015 390 2088; baseline 0 -12"><span class='ocrx_word' id='word_1_124' title='bbox 138 2017 224 2078; x_wconf 89' lang='lat' dir='ltr'>navit</span> <span class='ocrx_word' id='word_1_125' title='bbox 238 2015 390 2088; x_wconf 79' lang='lat' dir='ltr'>Ecclesia.</span> 
     </span>
    </p>
   </div>
   <div class='ocr_carea' id='block_1_3' title="bbox 315 2165 889 2232">
    <p class='ocr_par' dir='ltr' id='par_1_3' title="bbox 315 2165 889 2232">
     <span class='ocr_line' id='line_1_19' title="bbox 315 2165 889 2232; baseline -0.003 -20"><span class='ocrx_word' id='word_1_126' title='bbox 315 2167 349 2212; x_wconf 90' lang='lat'>11.</span> <span class='ocrx_word' id='word_1_127' title='bbox 358 2167 393 2232; x_wconf 73' lang='grc' dir='ltr'>ΙΙΙο</span> <span class='ocrx_word' id='word_1_128' title='bbox 404 2171 501 2224; x_wconf 86' lang='lat' dir='ltr'>tompore</span> <span class='ocrx_word' id='word_1_129' title='bbox 512 2167 535 2212; x_wconf 89' lang='lat' dir='ltr'>at</span> <span class='ocrx_word' id='word_1_130' title='bbox 546 2167 591 2210; x_wconf 90' lang='lat' dir='ltr'>loco</span> <span class='ocrx_word' id='word_1_131' title='bbox 603 2165 753 2211; x_wconf 80' lang='lat' dir='ltr'>celebrationls</span> <span class='ocrx_word' id='word_1_132' title='bbox 765 2167 889 2212; x_wconf 78' lang='lat' dir='ltr'>literarum.</span> 
     </span>
    </p>
   </div>
   <div class='ocr_carea' id='block_1_4' title="bbox 490 2251 711 2330">
    <p class='ocr_par' dir='ltr' id='par_1_4' title="bbox 490 2251 711 2330">
     <span class='ocr_line' id='line_1_20' title="bbox 490 2251 711 2330; baseline -0.009 -2"><span class='ocrx_word' id='word_1_133' title='bbox 490 2286 515 2328; x_wconf 86' lang='lat' dir='ltr'>l⁰</span> <span class='ocrx_word' id='word_1_134' title='bbox 527 2285 560 2328; x_wconf 89' lang='lat' dir='ltr'>De</span> <span class='ocrx_word' id='word_1_135' title='bbox 569 2285 604 2328; x_wconf 86' lang='lat' dir='ltr'>die</span> <span class='ocrx_word' id='word_1_136' title='bbox 615 2288 637 2327; x_wconf 85' lang='lat' dir='ltr'>et</span> <span class='ocrx_word' id='word_1_137' title='bbox 647 2251 711 2330; x_wconf 80' lang='lat' dir='ltr'>doro.</span> 
     </span>
    </p>
   </div>
   <div class='ocr_carea' id='block_1_5' title="bbox 137 2387 1070 2952">
    <p class='ocr_par' dir='ltr' id='par_1_5' title="bbox 137 2387 1070 2952">
     <span class='ocr_line' id='line_1_21' title="bbox 176 2387 1069 2466; baseline -0.001 -17"><span class='ocrx_word' id='word_1_138' title='bbox 176 2394 215 2454; x_wconf 83' lang='lat' dir='ltr'>v.</span> <span class='ocrx_word' id='word_1_139' title='bbox 232 2387 401 2466; x_wconf 85' lang='lat' dir='ltr'>Disputant</span> <span class='ocrx_word' id='word_1_140' title='bbox 418 2394 615 2450; x_wconf 79' lang='lat' dir='ltr'>auctores-an</span> <span class='ocrx_word' id='word_1_141' title='bbox 630 2388 663 2449; x_wconf 91' lang='lat' dir='ltr'>in</span> <span class='ocrx_word' id='word_1_142' title='bbox 677 2391 801 2451; x_wconf 90' lang='lat' dir='ltr'>vetusta</span> <span class='ocrx_word' id='word_1_143' title='bbox 814 2387 960 2450; x_wconf 72' lang='lat' dir='ltr'>Ecclesia</span> <span class='ocrx_word' id='word_1_144' title='bbox 976 2387 1069 2448; x_wconf 87' lang='lat' dir='ltr'>disci-</span> 
     </span>
     <span class='ocr_line' id='line_1_22' title="bbox 138 2484 1068 2566; baseline -0.002 -18"><span class='ocrx_word' id='word_1_145' title='bbox 138 2488 223 2566; x_wconf 89' lang='lat' dir='ltr'>plina</span> <span class='ocrx_word' id='word_1_146' title='bbox 243 2484 383 2546; x_wconf 84' lang='lat' dir='ltr'>licuisset</span> <span class='ocrx_word' id='word_1_147' title='bbox 406 2485 545 2564; x_wconf 84' lang='lat' dir='ltr'>qnotidie</span> <span class='ocrx_word' id='word_1_148' title='bbox 566 2486 694 2546; x_wconf 84' lang='lat' dir='ltr'>misaam</span> <span class='ocrx_word' id='word_1_149' title='bbox 715 2484 894 2547; x_wconf 88' lang='lat' dir='ltr'>celebrare?</span> <span class='ocrx_word' id='word_1_150' title='bbox 913 2486 993 2547; x_wconf 90' lang='lat' dir='ltr'>Sunt</span> <span class='ocrx_word' id='word_1_151' title='bbox 1015 2485 1068 2563; x_wconf 86' lang='lat' dir='ltr'>qui</span> 
     </span>
     <span class='ocr_line' id='line_1_23' title="bbox 138 2580 1068 2664; baseline -0.004 -18"><span class='ocrx_word' id='word_1_152' title='bbox 138 2585 249 2664; x_wconf 88' lang='lat' dir='ltr'>putant</span> <span class='ocrx_word' id='word_1_153' title='bbox 263 2580 465 2659; x_wconf 86' lang='lat' dir='ltr'>dominicam,</span> <span class='ocrx_word' id='word_1_154' title='bbox 478 2585 622 2662; x_wconf 83' lang='lat' dir='ltr'>quartam</span> <span class='ocrx_word' id='word_1_155' title='bbox 632 2589 663 2644; x_wconf 90' lang='lat' dir='ltr'>et</span> <span class='ocrx_word' id='word_1_156' title='bbox 672 2585 793 2644; x_wconf 88' lang='lat' dir='ltr'>sextam</span> <span class='ocrx_word' id='word_1_157' title='bbox 806 2583 917 2644; x_wconf 84' lang='lat' dir='ltr'>feriam</span> <span class='ocrx_word' id='word_1_158' title='bbox 927 2582 967 2644; x_wconf 93' lang='lat' dir='ltr'>ab</span> <span class='ocrx_word' id='word_1_159' title='bbox 978 2599 1068 2662; x_wconf 91' lang='lat' dir='ltr'>apos-</span> 
     </span>
     <span class='ocr_line' id='line_1_24' title="bbox 137 2678 1068 2760; baseline -0.002 -18"><span class='ocrx_word' id='word_1_160' title='bbox 137 2680 207 2742; x_wconf 90' lang='lat' dir='ltr'>tolis</span> <span class='ocrx_word' id='word_1_161' title='bbox 223 2679 412 2740; x_wconf 85' lang='lat' dir='ltr'>constitutos</span> <span class='ocrx_word' id='word_1_162' title='bbox 432 2679 498 2740; x_wconf 87' lang='lat' dir='ltr'>dies</span> <span class='ocrx_word' id='word_1_163' title='bbox 516 2679 627 2753; x_wconf 79' lang='lat' dir='ltr'>fuisse3</span> <span class='ocrx_word' id='word_1_164' title='bbox 643 2678 717 2740; x_wconf 92' lang='lat' dir='ltr'>inde</span> <span class='ocrx_word' id='word_1_165' title='bbox 739 2680 905 2751; x_wconf 88' lang='lat' dir='ltr'>sabbatum</span> <span class='ocrx_word' id='word_1_166' title='bbox 927 2679 1068 2760; x_wconf 86' lang='lat' dir='ltr'>aliosque</span> 
     </span>
     <span class='ocr_line' id='line_1_25' title="bbox 139 2774 1069 2856; baseline -0.001 -18"><span class='ocrx_word' id='word_1_167' title='bbox 139 2777 204 2838; x_wconf 88' lang='lat' dir='ltr'>dies</span> <span class='ocrx_word' id='word_1_168' title='bbox 223 2775 405 2836; x_wconf 88' lang='lat' dir='ltr'>accessisse.</span> <span class='ocrx_word' id='word_1_169' title='bbox 423 2777 503 2838; x_wconf 89' lang='lat' dir='ltr'>Sunt</span> <span class='ocrx_word' id='word_1_170' title='bbox 517 2774 569 2854; x_wconf 91' lang='lat' dir='ltr'>qui</span> <span class='ocrx_word' id='word_1_171' title='bbox 584 2778 696 2852; x_wconf 87' lang='lat' dir='ltr'>putant</span> <span class='ocrx_word' id='word_1_172' title='bbox 705 2776 772 2855; x_wconf 86' lang='lat' dir='ltr'>jam</span> <span class='ocrx_word' id='word_1_173' title='bbox 784 2782 853 2838; x_wconf 88' lang='lat' dir='ltr'>tum</span> <span class='ocrx_word' id='word_1_174' title='bbox 863 2777 903 2838; x_wconf 89' lang='lat' dir='ltr'>ab</span> <span class='ocrx_word' id='word_1_175' title='bbox 914 2775 1069 2856; x_wconf 83' lang='lat' dir='ltr'>apostolo-</span> 
     </span>
     <span class='ocr_line' id='line_1_26' title="bbox 137 2871 1070 2952; baseline -0.002 -18"><span class='ocrx_word' id='word_1_176' title='bbox 137 2891 206 2934; x_wconf 87' lang='lat' dir='ltr'>rum</span> <span class='ocrx_word' id='word_1_177' title='bbox 220 2877 363 2952; x_wconf 88' lang='lat' dir='ltr'>tempore</span> <span class='ocrx_word' id='word_1_178' title='bbox 374 2915 375 2920; x_wconf 20' lang='grc' dir='ltr'>η</span> <span class='ocrx_word' id='word_1_179' title='bbox 386 2871 600 2951; x_wconf 87' lang='lat' dir='ltr'>quotidianam</span> <span class='ocrx_word' id='word_1_180' title='bbox 614 2871 708 2932; x_wconf 89' lang='lat' dir='ltr'>inisse</span> <span class='ocrx_word' id='word_1_181' title='bbox 723 2890 885 2934; x_wconf 86' lang='lat' dir='ltr'>sacrorum</span> <span class='ocrx_word' id='word_1_182' title='bbox 907 2872 1070 2950; x_wconf 86' lang='lat' dir='ltr'>mysterio·</span> 
     </span>
    </p>
   </div>
   <div class='ocr_carea' id='block_1_6' title="bbox 138 2963 1194 3046">
    <p class='ocr_par' dir='ltr' id='par_1_6' title="bbox 138 2963 1194 3046">
     <span class='ocr_line' id='line_1_27' title="bbox 138 2963 1194 3046; baseline -0.003 -16"><span class='ocrx_word' id='word_1_183' title='bbox 138 2986 207 3030; x_wconf 89' lang='lat' dir='ltr'>mm</span> <span class='ocrx_word' id='word_1_184' title='bbox 218 2967 474 3044; x_wconf 85' lang='lat' dir='ltr'>celebrationem,</span> <span class='ocrx_word' id='word_1_185' title='bbox 487 2967 527 3026; x_wconf 90' lang='lat' dir='ltr'>ad</span> <span class='ocrx_word' id='word_1_186' title='bbox 538 2985 634 3046; x_wconf 84' lang='lat' dir='ltr'>quam</span> <span class='ocrx_word' id='word_1_187' title='bbox 647 2966 835 3030; x_wconf 88' lang='lat' dir='ltr'>sententiam</span> <span class='ocrx_word' id='word_1_188' title='bbox 849 2968 974 3029; x_wconf 89' lang='lat' dir='ltr'>videtur</span> <span class='ocrx_word' id='word_1_189' title='bbox 983 2967 1069 3028; x_wconf 89' lang='lat' dir='ltr'>incli·</span> <span class='ocrx_word' id='word_1_190' title='bbox 1192 2963 1194 2968; x_wconf 48' lang='lat'><strong><em>⁴</em></strong></span> 
     </span>
    </p>
   </div>
   <div class='ocr_carea' id='block_1_7' title="bbox 137 3064 1069 3628">
    <p class='ocr_par' dir='ltr' id='par_1_7' title="bbox 137 3064 1069 3628">
     <span class='ocr_line' id='line_1_28' title="bbox 137 3064 1066 3140; baseline -0.002 -12"><span class='ocrx_word' id='word_1_191' title='bbox 137 3085 212 3128; x_wconf 89' lang='lat' dir='ltr'>nare</span> <span class='ocrx_word' id='word_1_192' title='bbox 236 3065 354 3126; x_wconf 90' lang='lat' dir='ltr'>Bened.</span> <span class='ocrx_word' id='word_1_193' title='bbox 379 3066 448 3127; x_wconf 86' lang='lat' dir='ltr'>XIV</span> <span class='ocrx_word' id='word_1_194' title='bbox 471 3064 511 3125; x_wconf 91' lang='lat' dir='ltr'>de</span> <span class='ocrx_word' id='word_1_195' title='bbox 532 3065 635 3126; x_wconf 83' lang='lat' dir='ltr'>sacrif.</span> <span class='ocrx_word' id='word_1_196' title='bbox 662 3066 763 3128; x_wconf 84' lang='lat' dir='ltr'>Missae</span> <span class='ocrx_word' id='word_1_197' title='bbox 787 3067 841 3128; x_wconf 92' lang='lat' dir='ltr'>lib.</span> <span class='ocrx_word' id='word_1_198' title='bbox 863 3067 915 3140; x_wconf 94' lang='lat' dir='ltr'>Ill,</span> <span class='ocrx_word' id='word_1_199' title='bbox 937 3083 965 3125; x_wconf 89' lang='lat' dir='ltr'>c.</span> <span class='ocrx_word' id='word_1_200' title='bbox 982 3081 1018 3139; x_wconf 91' lang='lat'>11,</span> <span class='ocrx_word' id='word_1_201' title='bbox 1035 3069 1066 3126; x_wconf 81' lang='grc' dir='ltr'>Ι.</span> 
     </span>
     <span class='ocr_line' id='line_1_29' title="bbox 137 3160 1066 3241; baseline -0.001 -17"><span class='ocrx_word' id='word_1_202' title='bbox 137 3165 255 3224; x_wconf 87' lang='lat' dir='ltr'>Verum</span> <span class='ocrx_word' id='word_1_203' title='bbox 267 3160 420 3241; x_wconf 86' lang='lat' dir='ltr'>quidquid</span> <span class='ocrx_word' id='word_1_204' title='bbox 436 3161 634 3222; x_wconf 89' lang='lat' dir='ltr'>sentiendum</span> <span class='ocrx_word' id='word_1_205' title='bbox 649 3163 687 3223; x_wconf 88' lang='lat' dir='ltr'>sit</span> <span class='ocrx_word' id='word_1_206' title='bbox 697 3161 875 3240; x_wconf 80' lang='lat' dir='ltr'>devetnsta</span> <span class='ocrx_word' id='word_1_207' title='bbox 890 3160 1066 3239; x_wconf 87' lang='lat' dir='ltr'>disciplina,</span> 
     </span>
     <span class='ocr_line' id='line_1_30' title="bbox 138 3257 1069 3338; baseline -0.001 -19"><span class='ocrx_word' id='word_1_208' title='bbox 138 3261 259 3320; x_wconf 86' lang='lat' dir='ltr'>certum</span> <span class='ocrx_word' id='word_1_209' title='bbox 281 3262 329 3316; x_wconf 87' lang='lat' dir='ltr'>cst</span> <span class='ocrx_word' id='word_1_210' title='bbox 350 3275 369 3317; x_wconf 87' lang='lat' dir='ltr'>a</span> <span class='ocrx_word' id='word_1_211' title='bbox 389 3263 511 3318; x_wconf 89' lang='lat' dir='ltr'>remota</span> <span class='ocrx_word' id='word_1_212' title='bbox 531 3258 716 3338; x_wconf 89' lang='lat' dir='ltr'>antiquitate</span> <span class='ocrx_word' id='word_1_213' title='bbox 740 3257 933 3319; x_wconf 88' lang='lat' dir='ltr'>ordinariam</span> <span class='ocrx_word' id='word_1_214' title='bbox 953 3257 1069 3320; x_wconf 87' lang='lat' dir='ltr'>iactam</span> 
     </span>
     <span class='ocr_line' id='line_1_31' title="bbox 139 3352 1067 3433; baseline 0.002 -19"><span class='ocrx_word' id='word_1_215' title='bbox 139 3371 204 3414; x_wconf 86' lang='lat' dir='ltr'>esse</span> <span class='ocrx_word' id='word_1_216' title='bbox 229 3356 262 3415; x_wconf 91' lang='lat' dir='ltr'>et</span> <span class='ocrx_word' id='word_1_217' title='bbox 285 3352 501 3433; x_wconf 87' lang='lat' dir='ltr'>qnotidianam</span> <span class='ocrx_word' id='word_1_218' title='bbox 524 3354 666 3415; x_wconf 82' lang='lat' dir='ltr'>sacrificii</span> <span class='ocrx_word' id='word_1_219' title='bbox 695 3354 948 3417; x_wconf 87' lang='lat' dir='ltr'>celebrationem.</span> <span class='ocrx_word' id='word_1_220' title='bbox 975 3355 1067 3433; x_wconf 85' lang='lat' dir='ltr'>Apud</span> 
     </span>
     <span class='ocr_line' id='line_1_32' title="bbox 138 3447 1066 3537; baseline 0 -27"><span class='ocrx_word' id='word_1_221' title='bbox 138 3451 251 3514; x_wconf 87' lang='lat' dir='ltr'>latinos</span> <span class='ocrx_word' id='word_1_222' title='bbox 275 3447 574 3530; x_wconf 79' lang='lat' dir='ltr'>excipitnrtantum</span> <span class='ocrx_word' id='word_1_223' title='bbox 596 3451 675 3537; x_wconf 71' lang='lat' dir='ltr'>feria</span> <span class='ocrx_word' id='word_1_224' title='bbox 698 3453 789 3512; x_wconf 86' lang='lat' dir='ltr'>sexta</span> <span class='ocrx_word' id='word_1_225' title='bbox 811 3452 1010 3532; x_wconf 76' lang='lat' dir='ltr'>(paraseeve)</span> <span class='ocrx_word' id='word_1_226' title='bbox 1035 3453 1066 3512; x_wconf 91' lang='lat' dir='ltr'>in</span> 
     </span>
     <span class='ocr_line' id='line_1_33' title="bbox 139 3543 1066 3628; baseline 0.001 -23"><span class='ocrx_word' id='word_1_227' title='bbox 139 3545 263 3626; x_wconf 81' lang='lat' dir='ltr'>signum</span> <span class='ocrx_word' id='word_1_228' title='bbox 284 3543 387 3610; x_wconf 84' lang='lat' dir='ltr'>luctus</span> <span class='ocrx_word' id='word_1_229' title='bbox 401 3551 432 3610; x_wconf 88' lang='lat' dir='ltr'>et</span> <span class='ocrx_word' id='word_1_230' title='bbox 444 3547 593 3622; x_wconf 57' lang='lat' dir='ltr'>tristitiam</span> <span class='ocrx_word' id='word_1_231' title='bbox 609 3547 694 3628; x_wconf 85' lang='lat' dir='ltr'>apud</span> <span class='ocrx_word' id='word_1_232' title='bbox 714 3564 834 3628; x_wconf 78' lang='lat' dir='ltr'>graecos</span> <span class='ocrx_word' id='word_1_233' title='bbox 849 3552 916 3612; x_wconf 86' lang='lat' dir='ltr'>tota</span> <span class='ocrx_word' id='word_1_234' title='bbox 929 3547 1066 3627; x_wconf 84' lang='lat' dir='ltr'>quadra-</span> 
     </span>
    </p>
   </div>
   <div class='ocr_carea' id='block_1_8' title="bbox 0 0 1250 4022">
    <p class='ocr_par' dir='ltr' id='par_1_8' title="bbox 0 0 1250 4022">
     <span class='ocr_line' id='line_1_34' title="bbox 0 0 1250 4022; baseline 0 0"><span class='ocrx_word' id='word_1_235' title='bbox 0 0 1250 4022; x_wconf 95' lang='lat' dir='ltr'> </span> 
     </span>
    </p>
   </div>
  </div>
 </body>
</html>
