<?xml version="1.0" encoding="UTF-8"?>
<!DOCTYPE html PUBLIC "-//W3C//DTD XHTML 1.0 Transitional//EN"
    "http://www.w3.org/TR/xhtml1/DTD/xhtml1-transitional.dtd">
<html xmlns="http://www.w3.org/1999/xhtml" xml:lang="en" lang="en">
 <head>
  <title>
</title>
<meta http-equiv="Content-Type" content="text/html;charset=utf-8" />
  <meta name='ocr-system' content='tesseract 3.04.00' />
  <meta name='ocr-capabilities' content='ocr_page ocr_carea ocr_par ocr_line ocrx_word'/>
</head>
<body>
  <div class='ocr_page' id='page_1' title='image "./institutionesju00marigoog_0230.png"; bbox 0 0 2548 4020; ppageno 0'>
   <div class='ocr_carea' id='block_1_1' title="bbox 307 251 1078 338">
    <p class='ocr_par' dir='ltr' id='par_1_1' title="bbox 307 251 1078 338">
     <span class='ocr_line' id='line_1_1' title="bbox 307 251 1078 338; baseline 0.012 -9"><span class='ocrx_word' id='word_1_1' title='bbox 307 280 310 286; x_wconf 87' lang='lat'>·</span> <span class='ocrx_word' id='word_1_2' title='bbox 381 287 420 331; x_wconf 84' lang='lat' dir='ltr'>na</span> <span class='ocrx_word' id='word_1_3' title='bbox 441 287 569 334; x_wconf 78' lang='lat' dir='ltr'>caruero</span> <span class='ocrx_word' id='word_1_4' title='bbox 589 288 672 335; x_wconf 85' lang='lat' dir='ltr'>mars</span> <span class='ocrx_word' id='word_1_5' title='bbox 694 251 849 338; x_wconf 77' lang='lat' dir='ltr'>canorum.</span> <span class='ocrx_word' id='word_1_6' title='bbox 1021 279 1078 338; x_wconf 70' lang='lat'>223</span> 
     </span>
    </p>
   </div>
   <div class='ocr_carea' id='block_1_2' title="bbox 138 432 1079 3582">
    <p class='ocr_par' dir='ltr' id='par_1_2' title="bbox 138 432 1079 3582">
     <span class='ocr_line' id='line_1_2' title="bbox 147 432 1079 514; baseline 0.004 -19"><span class='ocrx_word' id='word_1_7' title='bbox 147 440 243 511; x_wconf 89' lang='lat' dir='ltr'>certa,</span> <span class='ocrx_word' id='word_1_8' title='bbox 261 436 293 496; x_wconf 87' lang='lat' dir='ltr'>et</span> <span class='ocrx_word' id='word_1_9' title='bbox 306 433 481 496; x_wconf 89' lang='lat' dir='ltr'>communis</span> <span class='ocrx_word' id='word_1_10' title='bbox 501 433 657 496; x_wconf 84' lang='lat' dir='ltr'>sententia</span> <span class='ocrx_word' id='word_1_11' title='bbox 675 432 781 511; x_wconf 88' lang='lat' dir='ltr'>hahet,</span> <span class='ocrx_word' id='word_1_12' title='bbox 799 432 891 514; x_wconf 82' lang='lat' dir='ltr'>juxta</span> <span class='ocrx_word' id='word_1_13' title='bbox 909 455 980 500; x_wconf 88' lang='lat' dir='ltr'>cau.</span> <span class='ocrx_word' id='word_1_14' title='bbox 1004 439 1079 498; x_wconf 91' lang='lat' dir='ltr'>Nul-</span> 
     </span>
     <span class='ocr_line' id='line_1_3' title="bbox 145 529 1076 608; baseline 0.008 -20"><span class='ocrx_word' id='word_1_15' title='bbox 145 529 194 589; x_wconf 88' lang='lat' dir='ltr'>lus</span> <span class='ocrx_word' id='word_1_16' title='bbox 207 533 237 590; x_wconf 71' lang='grc'>2.</span> <span class='ocrx_word' id='word_1_17' title='bbox 255 548 341 591; x_wconf 74' lang='lat' dir='ltr'>caus,</span> <span class='ocrx_word' id='word_1_18' title='bbox 358 531 408 590; x_wconf 85' lang='lat'>30.</span> <span class='ocrx_word' id='word_1_19' title='bbox 426 547 456 608; x_wconf 88' lang='lat' dir='ltr'>q.</span> <span class='ocrx_word' id='word_1_20' title='bbox 472 532 503 590; x_wconf 80' lang='lat'>5.</span> <span class='ocrx_word' id='word_1_21' title='bbox 521 533 552 590; x_wconf 88' lang='lat' dir='ltr'>et</span> <span class='ocrx_word' id='word_1_22' title='bbox 567 546 593 590; x_wconf 89' lang='lat' dir='ltr'>c.</span> <span class='ocrx_word' id='word_1_23' title='bbox 610 547 644 590; x_wconf 90' lang='lat'>11.</span> <span class='ocrx_word' id='word_1_24' title='bbox 663 529 694 590; x_wconf 91' lang='lat' dir='ltr'>h.</span> <span class='ocrx_word' id='word_1_25' title='bbox 707 533 730 591; x_wconf 93' lang='lat' dir='ltr'>t.</span> <span class='ocrx_word' id='word_1_26' title='bbox 744 531 925 592; x_wconf 72' lang='lat' dir='ltr'>etl&#39;rident.</span> <span class='ocrx_word' id='word_1_27' title='bbox 936 551 1013 594; x_wconf 84' lang='lat' dir='ltr'>sess.</span> <span class='ocrx_word' id='word_1_28' title='bbox 1025 537 1076 595; x_wconf 75' lang='grc'>24.</span> 
     </span>
     <span class='ocr_line' id='line_1_4' title="bbox 146 623 1075 703; baseline 0.004 -17"><span class='ocrx_word' id='word_1_29' title='bbox 146 644 174 687; x_wconf 90' lang='lat' dir='ltr'>c.</span> <span class='ocrx_word' id='word_1_30' title='bbox 191 643 212 686; x_wconf 86' lang='lat'>1.</span> <span class='ocrx_word' id='word_1_31' title='bbox 230 627 275 686; x_wconf 89' lang='lat' dir='ltr'>De</span> <span class='ocrx_word' id='word_1_32' title='bbox 288 624 449 686; x_wconf 88' lang='lat' dir='ltr'>reformat.</span> <span class='ocrx_word' id='word_1_33' title='bbox 467 623 566 686; x_wconf 85' lang='lat' dir='ltr'>Hodie</span> <span class='ocrx_word' id='word_1_34' title='bbox 586 627 693 686; x_wconf 87' lang='lat' dir='ltr'>tamen</span> <span class='ocrx_word' id='word_1_35' title='bbox 711 628 783 703; x_wconf 91' lang='lat' dir='ltr'>post</span> <span class='ocrx_word' id='word_1_36' title='bbox 804 625 914 686; x_wconf 85' lang='lat' dir='ltr'>concil.</span> <span class='ocrx_word' id='word_1_37' title='bbox 935 626 1075 690; x_wconf 81' lang='lat' dir='ltr'>Trident.</span> 
     </span>
     <span class='ocr_line' id='line_1_5' title="bbox 144 719 1078 800; baseline 0.003 -20"><span class='ocrx_word' id='word_1_38' title='bbox 144 720 164 781; x_wconf 94' lang='lat' dir='ltr'>l.</span> <span class='ocrx_word' id='word_1_39' title='bbox 196 738 223 782; x_wconf 92' lang='lat' dir='ltr'>c.</span> <span class='ocrx_word' id='word_1_40' title='bbox 255 729 328 781; x_wconf 84' lang='lat' dir='ltr'>sunt</span> <span class='ocrx_word' id='word_1_41' title='bbox 353 719 508 796; x_wconf 90' lang='lat' dir='ltr'>invalida,</span> <span class='ocrx_word' id='word_1_42' title='bbox 538 719 564 780; x_wconf 86' lang='lat' dir='ltr'>si</span> <span class='ocrx_word' id='word_1_43' title='bbox 592 721 683 782; x_wconf 87' lang='lat' dir='ltr'>aliter</span> <span class='ocrx_word' id='word_1_44' title='bbox 711 737 807 799; x_wconf 87' lang='lat' dir='ltr'>quam</span> <span class='ocrx_word' id='word_1_45' title='bbox 838 725 995 798; x_wconf 73' lang='lat' dir='ltr'>praesente</span> <span class='ocrx_word' id='word_1_46' title='bbox 1023 740 1078 800; x_wconf 95' lang='lat' dir='ltr'>pa-</span> 
     </span>
     <span class='ocr_line' id='line_1_6' title="bbox 144 818 1079 900; baseline 0 -20"><span class='ocrx_word' id='word_1_47' title='bbox 144 819 242 881; x_wconf 90' lang='lat' dir='ltr'>rocho</span> <span class='ocrx_word' id='word_1_48' title='bbox 259 818 413 900; x_wconf 77' lang='lat' dir='ltr'>(quamvis</span> <span class='ocrx_word' id='word_1_49' title='bbox 437 818 485 879; x_wconf 88' lang='lat' dir='ltr'>his</span> <span class='ocrx_word' id='word_1_50' title='bbox 509 818 656 880; x_wconf 84' lang='lat' dir='ltr'>sacerdos</span> <span class='ocrx_word' id='word_1_51' title='bbox 671 835 734 878; x_wconf 88' lang='lat' dir='ltr'>non</span> <span class='ocrx_word' id='word_1_52' title='bbox 749 819 799 895; x_wconf 89' lang='lat' dir='ltr'>sit,</span> <span class='ocrx_word' id='word_1_53' title='bbox 816 819 910 880; x_wconf 90' lang='lat' dir='ltr'>modo</span> <span class='ocrx_word' id='word_1_54' title='bbox 926 820 966 880; x_wconf 88' lang='lat' dir='ltr'>sit</span> <span class='ocrx_word' id='word_1_55' title='bbox 984 821 1079 882; x_wconf 85' lang='lat' dir='ltr'>alter-</span> 
     </span>
     <span class='ocr_line' id='line_1_7' title="bbox 147 913 1079 996; baseline 0.002 -20"><span class='ocrx_word' id='word_1_56' title='bbox 147 916 247 976; x_wconf 81' lang='lat' dir='ltr'>utrius</span> <span class='ocrx_word' id='word_1_57' title='bbox 263 913 369 993; x_wconf 84' lang='lat' dir='ltr'>sponsi</span> <span class='ocrx_word' id='word_1_58' title='bbox 385 913 568 993; x_wconf 83' lang='lat' dir='ltr'>parochus),</span> <span class='ocrx_word' id='word_1_59' title='bbox 590 915 640 974; x_wconf 88' lang='lat' dir='ltr'>vel</span> <span class='ocrx_word' id='word_1_60' title='bbox 655 913 715 976; x_wconf 91' lang='lat' dir='ltr'>alio</span> <span class='ocrx_word' id='word_1_61' title='bbox 731 915 895 977; x_wconf 74' lang='lat' dir='ltr'>sacerdote</span> <span class='ocrx_word' id='word_1_62' title='bbox 918 915 957 976; x_wconf 91' lang='lat' dir='ltr'>de</span> <span class='ocrx_word' id='word_1_63' title='bbox 980 917 1079 996; x_wconf 88' lang='lat' dir='ltr'>ipsius</span> 
     </span>
     <span class='ocr_line' id='line_1_8' title="bbox 143 1009 1076 1090; baseline 0 -18"><span class='ocrx_word' id='word_1_64' title='bbox 143 1011 284 1090; x_wconf 89' lang='lat' dir='ltr'>parochi,</span> <span class='ocrx_word' id='word_1_65' title='bbox 301 1029 357 1071; x_wconf 89' lang='lat' dir='ltr'>seu</span> <span class='ocrx_word' id='word_1_66' title='bbox 372 1009 521 1072; x_wconf 90' lang='lat' dir='ltr'>ordinarii</span> <span class='ocrx_word' id='word_1_67' title='bbox 535 1009 672 1087; x_wconf 90' lang='lat' dir='ltr'>licentia,</span> <span class='ocrx_word' id='word_1_68' title='bbox 689 1028 726 1071; x_wconf 88' lang='lat' dir='ltr'>ac</span> <span class='ocrx_word' id='word_1_69' title='bbox 746 1011 880 1088; x_wconf 81' lang='lat' dir='ltr'>duobus,</span> <span class='ocrx_word' id='word_1_70' title='bbox 904 1012 954 1074; x_wconf 83' lang='lat' dir='ltr'>vel</span> <span class='ocrx_word' id='word_1_71' title='bbox 976 1013 1076 1074; x_wconf 86' lang='lat' dir='ltr'>trihus</span> 
     </span>
     <span class='ocr_line' id='line_1_9' title="bbox 143 1105 1076 1188; baseline 0 -20"><span class='ocrx_word' id='word_1_72' title='bbox 143 1106 275 1168; x_wconf 87' lang='lat' dir='ltr'>testibus</span> <span class='ocrx_word' id='word_1_73' title='bbox 291 1105 411 1186; x_wconf 86' lang='lat' dir='ltr'>(quales</span> <span class='ocrx_word' id='word_1_74' title='bbox 424 1105 470 1165; x_wconf 89' lang='lat' dir='ltr'>illi</span> <span class='ocrx_word' id='word_1_75' title='bbox 484 1105 555 1182; x_wconf 88' lang='lat' dir='ltr'>sint,</span> <span class='ocrx_word' id='word_1_76' title='bbox 572 1105 667 1168; x_wconf 91' lang='lat' dir='ltr'>modo</span> <span class='ocrx_word' id='word_1_77' title='bbox 682 1107 849 1169; x_wconf 85' lang='lat' dir='ltr'>advertant</span> <span class='ocrx_word' id='word_1_78' title='bbox 863 1107 938 1186; x_wconf 90' lang='lat' dir='ltr'>quid</span> <span class='ocrx_word' id='word_1_79' title='bbox 953 1107 1076 1188; x_wconf 88' lang='lat' dir='ltr'>agatur)</span> 
     </span>
     <span class='ocr_line' id='line_1_10' title="bbox 143 1200 1078 1280; baseline 0.003 -18"><span class='ocrx_word' id='word_1_80' title='bbox 143 1201 344 1279; x_wconf 87' lang='lat' dir='ltr'>contrahant,</span> <span class='ocrx_word' id='word_1_81' title='bbox 357 1200 397 1262; x_wconf 90' lang='lat' dir='ltr'>ad</span> <span class='ocrx_word' id='word_1_82' title='bbox 407 1201 544 1280; x_wconf 91' lang='lat' dir='ltr'>plurima</span> <span class='ocrx_word' id='word_1_83' title='bbox 554 1201 672 1263; x_wconf 87' lang='lat' dir='ltr'>scilicet</span> <span class='ocrx_word' id='word_1_84' title='bbox 681 1202 868 1280; x_wconf 82' lang='lat' dir='ltr'>gravissima</span> <span class='ocrx_word' id='word_1_85' title='bbox 878 1203 1078 1267; x_wconf 89' lang='lat' dir='ltr'>incommoda</span> 
     </span>
     <span class='ocr_line' id='line_1_11' title="bbox 142 1294 1076 1375; baseline 0.003 -20"><span class='ocrx_word' id='word_1_86' title='bbox 142 1295 363 1375; x_wconf 82' lang='lat' dir='ltr'>praecaveuda,</span> <span class='ocrx_word' id='word_1_87' title='bbox 388 1294 591 1355; x_wconf 86' lang='lat' dir='ltr'>invalidente.</span> <span class='ocrx_word' id='word_1_88' title='bbox 614 1295 756 1356; x_wconf 76' lang='lat' dir='ltr'>Ecclesia</span> <span class='ocrx_word' id='word_1_89' title='bbox 777 1294 977 1358; x_wconf 89' lang='lat' dir='ltr'>matrimonia</span> <span class='ocrx_word' id='word_1_90' title='bbox 999 1299 1076 1359; x_wconf 86' lang='lat' dir='ltr'>talia</span> 
     </span>
     <span class='ocr_line' id='line_1_12' title="bbox 143 1390 1076 1471; baseline 0.003 -19"><span class='ocrx_word' id='word_1_91' title='bbox 143 1391 349 1468; x_wconf 89' lang='lat' dir='ltr'>clandestina,</span> <span class='ocrx_word' id='word_1_92' title='bbox 366 1407 429 1452; x_wconf 92' lang='lat' dir='ltr'>non</span> <span class='ocrx_word' id='word_1_93' title='bbox 444 1390 572 1471; x_wconf 87' lang='lat' dir='ltr'>quidem</span> <span class='ocrx_word' id='word_1_94' title='bbox 587 1409 644 1469; x_wconf 89' lang='lat' dir='ltr'>per</span> <span class='ocrx_word' id='word_1_95' title='bbox 658 1409 702 1467; x_wconf 87' lang='lat' dir='ltr'>sa,</span> <span class='ocrx_word' id='word_1_96' title='bbox 716 1393 747 1452; x_wconf 87' lang='lat' dir='ltr'>et</span> <span class='ocrx_word' id='word_1_97' title='bbox 757 1391 874 1453; x_wconf 75' lang='lat' dir='ltr'>directe</span> <span class='ocrx_word' id='word_1_98' title='bbox 884 1393 1076 1455; x_wconf 89' lang='lat' dir='ltr'>annullando</span> 
     </span>
     <span class='ocr_line' id='line_1_13' title="bbox 142 1487 1077 1568; baseline 0.002 -20"><span class='ocrx_word' id='word_1_99' title='bbox 142 1493 388 1565; x_wconf 86' lang='lat' dir='ltr'>sacramentum,</span> <span class='ocrx_word' id='word_1_100' title='bbox 401 1488 483 1568; x_wconf 88' lang='lat' dir='ltr'>quod</span> <span class='ocrx_word' id='word_1_101' title='bbox 500 1487 532 1547; x_wconf 92' lang='lat' dir='ltr'>in</span> <span class='ocrx_word' id='word_1_102' title='bbox 543 1487 691 1548; x_wconf 78' lang='lat' dir='ltr'>Ecclesia</span> <span class='ocrx_word' id='word_1_103' title='bbox 706 1490 861 1566; x_wconf 79' lang='lat' dir='ltr'>potestate</span> <span class='ocrx_word' id='word_1_104' title='bbox 876 1495 1007 1566; x_wconf 86' lang='lat' dir='ltr'>nonest,</span> <span class='ocrx_word' id='word_1_105' title='bbox 1019 1491 1077 1550; x_wconf 85' lang='lat' dir='ltr'>sed</span> 
     </span>
     <span class='ocr_line' id='line_1_14' title="bbox 141 1583 1077 1664; baseline 0.004 -20"><span class='ocrx_word' id='word_1_106' title='bbox 141 1584 295 1646; x_wconf 89' lang='lat' dir='ltr'>indirecte</span> <span class='ocrx_word' id='word_1_107' title='bbox 309 1585 442 1662; x_wconf 89' lang='lat' dir='ltr'>tautum,</span> <span class='ocrx_word' id='word_1_108' title='bbox 460 1589 492 1646; x_wconf 89' lang='lat' dir='ltr'>et</span> <span class='ocrx_word' id='word_1_109' title='bbox 505 1602 563 1663; x_wconf 88' lang='lat' dir='ltr'>per</span> <span class='ocrx_word' id='word_1_110' title='bbox 577 1583 734 1664; x_wconf 77' lang='lat' dir='ltr'>accidens,</span> <span class='ocrx_word' id='word_1_111' title='bbox 751 1584 943 1646; x_wconf 88' lang='lat' dir='ltr'>annullando</span> <span class='ocrx_word' id='word_1_112' title='bbox 958 1585 1077 1648; x_wconf 88' lang='lat' dir='ltr'>scilicet</span> 
     </span>
     <span class='ocr_line' id='line_1_15' title="bbox 143 1679 1077 1761; baseline 0.005 -22"><span class='ocrx_word' id='word_1_113' title='bbox 143 1682 339 1740; x_wconf 86' lang='lat' dir='ltr'>contractum</span> <span class='ocrx_word' id='word_1_114' title='bbox 358 1679 491 1756; x_wconf 88' lang='lat' dir='ltr'>civilem,</span> <span class='ocrx_word' id='word_1_115' title='bbox 516 1683 547 1742; x_wconf 89' lang='lat' dir='ltr'>et</span> <span class='ocrx_word' id='word_1_116' title='bbox 569 1679 743 1740; x_wconf 90' lang='lat' dir='ltr'>humanum</span> <span class='ocrx_word' id='word_1_117' title='bbox 763 1679 946 1742; x_wconf 84' lang='lat' dir='ltr'>immediate</span> <span class='ocrx_word' id='word_1_118' title='bbox 967 1686 999 1744; x_wconf 87' lang='lat' dir='ltr'>et</span> <span class='ocrx_word' id='word_1_119' title='bbox 1019 1701 1077 1761; x_wconf 91' lang='lat' dir='ltr'>per</span> 
     </span>
     <span class='ocr_line' id='line_1_16' title="bbox 142 1775 1003 1856; baseline 0.003 -21"><span class='ocrx_word' id='word_1_120' title='bbox 142 1793 338 1856; x_wconf 88' lang='lat' dir='ltr'>consequens</span> <span class='ocrx_word' id='word_1_121' title='bbox 352 1775 475 1838; x_wconf 89' lang='lat' dir='ltr'>irritum</span> <span class='ocrx_word' id='word_1_122' title='bbox 491 1776 586 1837; x_wconf 88' lang='lat' dir='ltr'>etiam</span> <span class='ocrx_word' id='word_1_123' title='bbox 600 1775 744 1838; x_wconf 87' lang='lat' dir='ltr'>faciendo</span> <span class='ocrx_word' id='word_1_124' title='bbox 759 1783 1003 1848; x_wconf 85' lang='lat' dir='ltr'>sacramentum.</span> 
     </span>
     <span class='ocr_line' id='line_1_17' title="bbox 181 1875 1073 1956; baseline 0.006 -21"><span class='ocrx_word' id='word_1_125' title='bbox 181 1877 257 1947; x_wconf 80' lang='lat' dir='ltr'>Qua</span> <span class='ocrx_word' id='word_1_126' title='bbox 285 1875 416 1936; x_wconf 89' lang='lat' dir='ltr'>irritatio</span> <span class='ocrx_word' id='word_1_127' title='bbox 444 1875 711 1938; x_wconf 84' lang='lat' dir='ltr'>clandestinorum</span> <span class='ocrx_word' id='word_1_128' title='bbox 739 1876 845 1938; x_wconf 87' lang='lat' dir='ltr'>taliter</span> <span class='ocrx_word' id='word_1_129' title='bbox 870 1881 1073 1956; x_wconf 88' lang='lat' dir='ltr'>acceptorum</span> 
     </span>
     <span class='ocr_line' id='line_1_18' title="bbox 141 1970 1070 2050; baseline 0.003 -18"><span class='ocrx_word' id='word_1_130' title='bbox 141 1970 414 2032; x_wconf 89' lang='lat' dir='ltr'>matrimoniorum</span> <span class='ocrx_word' id='word_1_131' title='bbox 434 1970 513 2032; x_wconf 87' lang='lat' dir='ltr'>adeo</span> <span class='ocrx_word' id='word_1_132' title='bbox 536 1975 622 2032; x_wconf 90' lang='lat' dir='ltr'>certa</span> <span class='ocrx_word' id='word_1_133' title='bbox 644 1979 701 2047; x_wconf 87' lang='lat' dir='ltr'>est,</span> <span class='ocrx_word' id='word_1_134' title='bbox 725 1977 760 2032; x_wconf 88' lang='lat' dir='ltr'>ut</span> <span class='ocrx_word' id='word_1_135' title='bbox 782 1973 813 2032; x_wconf 92' lang='lat' dir='ltr'>in</span> <span class='ocrx_word' id='word_1_136' title='bbox 834 1972 992 2050; x_wconf 78' lang='lat' dir='ltr'>Ecclesiis,</span> <span class='ocrx_word' id='word_1_137' title='bbox 1018 1975 1070 2036; x_wconf 92' lang='lat' dir='ltr'>ubi</span> 
     </span>
     <span class='ocr_line' id='line_1_19' title="bbox 141 2065 1073 2147; baseline 0.003 -20"><span class='ocrx_word' id='word_1_138' title='bbox 141 2069 376 2147; x_wconf 84' lang='lat' dir='ltr'>promulgatum</span> <span class='ocrx_word' id='word_1_139' title='bbox 395 2067 557 2128; x_wconf 87' lang='lat' dir='ltr'>decretum</span> <span class='ocrx_word' id='word_1_140' title='bbox 576 2067 655 2127; x_wconf 92' lang='lat' dir='ltr'>illud</span> <span class='ocrx_word' id='word_1_141' title='bbox 680 2065 854 2129; x_wconf 82' lang='lat' dir='ltr'>Tridentini</span> <span class='ocrx_word' id='word_1_142' title='bbox 878 2067 956 2146; x_wconf 90' lang='lat' dir='ltr'>fuit,</span> <span class='ocrx_word' id='word_1_143' title='bbox 977 2070 1073 2132; x_wconf 90' lang='lat' dir='ltr'>ctiam</span> 
     </span>
     <span class='ocr_line' id='line_1_20' title="bbox 140 2161 1075 2243; baseline -0.001 -18"><span class='ocrx_word' id='word_1_144' title='bbox 140 2163 195 2240; x_wconf 92' lang='lat' dir='ltr'>illi,</span> <span class='ocrx_word' id='word_1_145' title='bbox 214 2164 268 2243; x_wconf 86' lang='lat' dir='ltr'>qui</span> <span class='ocrx_word' id='word_1_146' title='bbox 282 2162 444 2223; x_wconf 84' lang='lat' dir='ltr'>decretum</span> <span class='ocrx_word' id='word_1_147' title='bbox 459 2163 519 2223; x_wconf 92' lang='lat' dir='ltr'>hoc</span> <span class='ocrx_word' id='word_1_148' title='bbox 533 2161 757 2224; x_wconf 83' lang='lat' dir='ltr'>invincibiliter</span> <span class='ocrx_word' id='word_1_149' title='bbox 768 2162 927 2242; x_wconf 81' lang='lat' dir='ltr'>ignorant,</span> <span class='ocrx_word' id='word_1_150' title='bbox 948 2165 1075 2226; x_wconf 84' lang='lat' dir='ltr'>aniliter</span> 
     </span>
     <span class='ocr_line' id='line_1_21' title="bbox 139 2260 1073 2341; baseline 0 -17"><span class='ocrx_word' id='word_1_151' title='bbox 139 2261 331 2324; x_wconf 87' lang='lat' dir='ltr'>clandestine</span> <span class='ocrx_word' id='word_1_152' title='bbox 347 2261 545 2337; x_wconf 87' lang='lat' dir='ltr'>contrahant,</span> <span class='ocrx_word' id='word_1_153' title='bbox 563 2262 638 2341; x_wconf 90' lang='lat' dir='ltr'>quia</span> <span class='ocrx_word' id='word_1_154' title='bbox 652 2261 703 2322; x_wconf 88' lang='lat' dir='ltr'>lex</span> <span class='ocrx_word' id='word_1_155' title='bbox 722 2260 847 2321; x_wconf 89' lang='lat' dir='ltr'>irritans</span> <span class='ocrx_word' id='word_1_156' title='bbox 868 2260 963 2322; x_wconf 89' lang='lat' dir='ltr'>etiam</span> <span class='ocrx_word' id='word_1_157' title='bbox 981 2263 1073 2340; x_wconf 83' lang='lat' dir='ltr'>igno-</span> 
     </span>
     <span class='ocr_line' id='line_1_22' title="bbox 139 2357 1070 2438; baseline 0.002 -19"><span class='ocrx_word' id='word_1_158' title='bbox 139 2361 246 2420; x_wconf 89' lang='lat' dir='ltr'>rantes</span> <span class='ocrx_word' id='word_1_159' title='bbox 259 2359 292 2417; x_wconf 93' lang='lat' dir='ltr'>in</span> <span class='ocrx_word' id='word_1_160' title='bbox 306 2357 416 2419; x_wconf 89' lang='lat' dir='ltr'>ordine</span> <span class='ocrx_word' id='word_1_161' title='bbox 430 2357 471 2418; x_wconf 88' lang='lat' dir='ltr'>ad</span> <span class='ocrx_word' id='word_1_162' title='bbox 486 2358 664 2418; x_wconf 88' lang='lat' dir='ltr'>nullitatem</span> <span class='ocrx_word' id='word_1_163' title='bbox 682 2361 770 2419; x_wconf 89' lang='lat' dir='ltr'>actus</span> <span class='ocrx_word' id='word_1_164' title='bbox 790 2357 929 2438; x_wconf 81' lang='lat' dir='ltr'>obligare</span> <span class='ocrx_word' id='word_1_165' title='bbox 948 2363 1070 2438; x_wconf 79' lang='lat' dir='ltr'>potest3</span> 
     </span>
     <span class='ocr_line' id='line_1_23' title="bbox 140 2453 1072 2534; baseline 0.001 -19"><span class='ocrx_word' id='word_1_166' title='bbox 140 2454 185 2515; x_wconf 93' lang='lat' dir='ltr'>uti</span> <span class='ocrx_word' id='word_1_167' title='bbox 200 2459 232 2514; x_wconf 86' lang='lat' dir='ltr'>et</span> <span class='ocrx_word' id='word_1_168' title='bbox 245 2455 300 2533; x_wconf 89' lang='lat' dir='ltr'>qui</span> <span class='ocrx_word' id='word_1_169' title='bbox 313 2454 405 2530; x_wconf 90' lang='lat' dir='ltr'>clam,</span> <span class='ocrx_word' id='word_1_170' title='bbox 422 2457 477 2515; x_wconf 91' lang='lat' dir='ltr'>aut</span> <span class='ocrx_word' id='word_1_171' title='bbox 490 2459 645 2534; x_wconf 78' lang='lat' dir='ltr'>prasente</span> <span class='ocrx_word' id='word_1_172' title='bbox 660 2453 789 2533; x_wconf 87' lang='lat' dir='ltr'>quidem</span> <span class='ocrx_word' id='word_1_173' title='bbox 807 2453 928 2534; x_wconf 87' lang='lat' dir='ltr'>majore</span> <span class='ocrx_word' id='word_1_174' title='bbox 950 2453 1072 2516; x_wconf 83' lang='lat' dir='ltr'>viciniae</span> 
     </span>
     <span class='ocr_line' id='line_1_24' title="bbox 140 2545 1072 2628; baseline 0 -16"><span class='ocrx_word' id='word_1_175' title='bbox 140 2553 240 2628; x_wconf 90' lang='lat' dir='ltr'>parte,</span> <span class='ocrx_word' id='word_1_176' title='bbox 256 2550 385 2610; x_wconf 87' lang='lat' dir='ltr'>absente</span> <span class='ocrx_word' id='word_1_177' title='bbox 399 2545 506 2613; x_wconf 89' lang='lat' dir='ltr'>tamen</span> <span class='ocrx_word' id='word_1_178' title='bbox 521 2550 670 2628; x_wconf 88' lang='lat' dir='ltr'>parocho,</span> <span class='ocrx_word' id='word_1_179' title='bbox 683 2550 883 2627; x_wconf 88' lang='lat' dir='ltr'>contrahunt,</span> <span class='ocrx_word' id='word_1_180' title='bbox 897 2550 929 2611; x_wconf 91' lang='lat' dir='ltr'>in</span> <span class='ocrx_word' id='word_1_181' title='bbox 940 2551 1072 2613; x_wconf 87' lang='lat' dir='ltr'>articulo</span> 
     </span>
     <span class='ocr_line' id='line_1_25' title="bbox 139 2647 1059 2727; baseline 0.003 -21"><span class='ocrx_word' id='word_1_182' title='bbox 139 2667 169 2709; x_wconf 87' lang='lat' dir='ltr'>v.</span> <span class='ocrx_word' id='word_1_183' title='bbox 187 2666 218 2727; x_wconf 83' lang='lat' dir='ltr'>g.</span> <span class='ocrx_word' id='word_1_184' title='bbox 235 2647 355 2724; x_wconf 89' lang='lat' dir='ltr'>mortis,</span> <span class='ocrx_word' id='word_1_185' title='bbox 372 2653 426 2709; x_wconf 88' lang='lat' dir='ltr'>aut</span> <span class='ocrx_word' id='word_1_186' title='bbox 440 2647 502 2708; x_wconf 89' lang='lat' dir='ltr'>alia</span> <span class='ocrx_word' id='word_1_187' title='bbox 516 2664 704 2727; x_wconf 87' lang='lat' dir='ltr'>quacunque</span> <span class='ocrx_word' id='word_1_188' title='bbox 719 2647 916 2724; x_wconf 86' lang='lat' dir='ltr'>necessitate,</span> <span class='ocrx_word' id='word_1_189' title='bbox 933 2667 1006 2709; x_wconf 87' lang='lat' dir='ltr'>cum</span> <span class='ocrx_word' id='word_1_190' title='bbox 1020 2647 1059 2709; x_wconf 91' lang='lat' dir='ltr'>de</span> 
     </span>
     <span class='ocr_line' id='line_1_26' title="bbox 139 2739 1069 2827; baseline 0.003 -22"><span class='ocrx_word' id='word_1_191' title='bbox 139 2744 264 2806; x_wconf 81' lang='lat' dir='ltr'>finiente</span> <span class='ocrx_word' id='word_1_192' title='bbox 277 2739 380 2804; x_wconf 86' lang='lat' dir='ltr'>forma</span> <span class='ocrx_word' id='word_1_193' title='bbox 393 2741 591 2804; x_wconf 86' lang='lat' dir='ltr'>substantiali</span> <span class='ocrx_word' id='word_1_194' title='bbox 604 2742 646 2804; x_wconf 89' lang='lat' dir='ltr'>ad</span> <span class='ocrx_word' id='word_1_195' title='bbox 657 2743 798 2805; x_wconf 88' lang='lat' dir='ltr'>valorem</span> <span class='ocrx_word' id='word_1_196' title='bbox 808 2748 897 2806; x_wconf 89' lang='lat' dir='ltr'>actus</span> <span class='ocrx_word' id='word_1_197' title='bbox 907 2745 1069 2827; x_wconf 86' lang='lat' dir='ltr'>requisita,</span> 
     </span>
     <span class='ocr_line' id='line_1_27' title="bbox 139 2837 1069 2918; baseline 0.004 -20"><span class='ocrx_word' id='word_1_198' title='bbox 139 2838 231 2899; x_wconf 88' lang='lat' dir='ltr'>sicuti</span> <span class='ocrx_word' id='word_1_199' title='bbox 244 2838 413 2917; x_wconf 84' lang='lat' dir='ltr'>requiritur</span> <span class='ocrx_word' id='word_1_200' title='bbox 427 2838 468 2900; x_wconf 91' lang='lat' dir='ltr'>ad</span> <span class='ocrx_word' id='word_1_201' title='bbox 483 2837 623 2899; x_wconf 88' lang='lat' dir='ltr'>validum</span> <span class='ocrx_word' id='word_1_202' title='bbox 637 2840 883 2917; x_wconf 86' lang='lat' dir='ltr'>matrimonium,</span> <span class='ocrx_word' id='word_1_203' title='bbox 896 2841 1029 2918; x_wconf 91' lang='lat' dir='ltr'>parochi</span> <span class='ocrx_word' id='word_1_204' title='bbox 1039 2861 1069 2902; x_wconf 88' lang='lat' dir='ltr'>v.</span> 
     </span>
     <span class='ocr_line' id='line_1_28' title="bbox 138 2931 1069 3012; baseline 0.002 -20"><span class='ocrx_word' id='word_1_205' title='bbox 138 2952 168 3012; x_wconf 82' lang='lat' dir='ltr'>g.</span> <span class='ocrx_word' id='word_1_206' title='bbox 187 2937 219 2995; x_wconf 90' lang='lat' dir='ltr'>et</span> <span class='ocrx_word' id='word_1_207' title='bbox 231 2933 358 2994; x_wconf 87' lang='lat' dir='ltr'>testium</span> <span class='ocrx_word' id='word_1_208' title='bbox 372 2931 654 3010; x_wconf 72' lang='lat' dir='ltr'>prasentiaactus</span> <span class='ocrx_word' id='word_1_209' title='bbox 674 2933 844 2994; x_wconf 83' lang='lat' dir='ltr'>subsistere</span> <span class='ocrx_word' id='word_1_210' title='bbox 866 2951 928 2994; x_wconf 92' lang='lat' dir='ltr'>non</span> <span class='ocrx_word' id='word_1_211' title='bbox 951 2935 1069 3012; x_wconf 80' lang='lat' dir='ltr'>possit3</span> 
     </span>
     <span class='ocr_line' id='line_1_29' title="bbox 139 3026 1072 3106; baseline 0.001 -20"><span class='ocrx_word' id='word_1_212' title='bbox 139 3026 225 3106; x_wconf 89' lang='lat' dir='ltr'>quod</span> <span class='ocrx_word' id='word_1_213' title='bbox 239 3027 266 3086; x_wconf 90' lang='lat' dir='ltr'>si</span> <span class='ocrx_word' id='word_1_214' title='bbox 280 3030 384 3087; x_wconf 89' lang='lat' dir='ltr'>tamen</span> <span class='ocrx_word' id='word_1_215' title='bbox 398 3026 431 3086; x_wconf 94' lang='lat' dir='ltr'>iu</span> <span class='ocrx_word' id='word_1_216' title='bbox 446 3043 532 3103; x_wconf 87' lang='lat' dir='ltr'>casu,</span> <span class='ocrx_word' id='word_1_217' title='bbox 550 3043 613 3104; x_wconf 91' lang='lat' dir='ltr'>quo</span> <span class='ocrx_word' id='word_1_218' title='bbox 627 3027 659 3087; x_wconf 91' lang='lat' dir='ltr'>in</span> <span class='ocrx_word' id='word_1_219' title='bbox 678 3026 759 3086; x_wconf 86' lang='lat' dir='ltr'>facie</span> <span class='ocrx_word' id='word_1_220' title='bbox 779 3026 940 3102; x_wconf 77' lang='lat' dir='ltr'>Ecclesia,</span> <span class='ocrx_word' id='word_1_221' title='bbox 965 3044 1072 3087; x_wconf 89' lang='lat' dir='ltr'>coram</span> 
     </span>
     <span class='ocr_line' id='line_1_30' title="bbox 138 3122 1071 3200; baseline -0.002 -16"><span class='ocrx_word' id='word_1_222' title='bbox 138 3123 278 3200; x_wconf 88' lang='lat' dir='ltr'>parocho</span> <span class='ocrx_word' id='word_1_223' title='bbox 298 3122 427 3200; x_wconf 88' lang='lat' dir='ltr'>scilicet,</span> <span class='ocrx_word' id='word_1_224' title='bbox 454 3127 485 3184; x_wconf 87' lang='lat' dir='ltr'>et</span> <span class='ocrx_word' id='word_1_225' title='bbox 504 3123 637 3184; x_wconf 86' lang='lat' dir='ltr'>testibus</span> <span class='ocrx_word' id='word_1_226' title='bbox 662 3123 900 3184; x_wconf 89' lang='lat' dir='ltr'>matrimonium</span> <span class='ocrx_word' id='word_1_227' title='bbox 928 3127 1071 3183; x_wconf 89' lang='lat' dir='ltr'>contrae-</span> 
     </span>
     <span class='ocr_line' id='line_1_31' title="bbox 138 3217 1071 3302; baseline -0.002 -22"><span class='ocrx_word' id='word_1_228' title='bbox 138 3222 279 3296; x_wconf 84' lang='lat' dir='ltr'>tumeat,</span> <span class='ocrx_word' id='word_1_229' title='bbox 300 3220 341 3280; x_wconf 91' lang='lat' dir='ltr'>ch</span> <span class='ocrx_word' id='word_1_230' title='bbox 364 3218 626 3297; x_wconf 87' lang='lat' dir='ltr'>impedimentum</span> <span class='ocrx_word' id='word_1_231' title='bbox 648 3223 755 3302; x_wconf 82' lang='lat' dir='ltr'>tamen</span> <span class='ocrx_word' id='word_1_232' title='bbox 780 3217 939 3278; x_wconf 87' lang='lat' dir='ltr'>occultum</span> <span class='ocrx_word' id='word_1_233' title='bbox 962 3217 1071 3278; x_wconf 87' lang='lat' dir='ltr'>invali-</span> 
     </span>
     <span class='ocr_line' id='line_1_32' title="bbox 139 3309 1070 3390; baseline -0.001 -18"><span class='ocrx_word' id='word_1_234' title='bbox 139 3311 225 3389; x_wconf 91' lang='lat' dir='ltr'>dum,</span> <span class='ocrx_word' id='word_1_235' title='bbox 243 3315 385 3373; x_wconf 86' lang='lat' dir='ltr'>cessante</span> <span class='ocrx_word' id='word_1_236' title='bbox 399 3309 612 3390; x_wconf 89' lang='lat' dir='ltr'>postmodum,</span> <span class='ocrx_word' id='word_1_237' title='bbox 630 3316 662 3369; x_wconf 87' lang='lat' dir='ltr'>et</span> <span class='ocrx_word' id='word_1_238' title='bbox 675 3309 798 3370; x_wconf 87' lang='lat' dir='ltr'>sublato</span> <span class='ocrx_word' id='word_1_239' title='bbox 813 3309 952 3389; x_wconf 81' lang='lat' dir='ltr'>legitime</span> <span class='ocrx_word' id='word_1_240' title='bbox 970 3309 1070 3390; x_wconf 91' lang='lat' dir='ltr'>impe-</span> 
     </span>
     <span class='ocr_line' id='line_1_33' title="bbox 138 3406 1069 3484; baseline -0.003 -16"><span class='ocrx_word' id='word_1_241' title='bbox 138 3407 278 3469; x_wconf 87' lang='lat' dir='ltr'>dimento</span> <span class='ocrx_word' id='word_1_242' title='bbox 294 3407 495 3484; x_wconf 84' lang='lat' dir='ltr'>revalidetur,</span> <span class='ocrx_word' id='word_1_243' title='bbox 512 3424 575 3467; x_wconf 91' lang='lat' dir='ltr'>non</span> <span class='ocrx_word' id='word_1_244' title='bbox 598 3411 645 3466; x_wconf 88' lang='lat' dir='ltr'>est</span> <span class='ocrx_word' id='word_1_245' title='bbox 665 3406 888 3482; x_wconf 88' lang='lat' dir='ltr'>necessarium,</span> <span class='ocrx_word' id='word_1_246' title='bbox 901 3409 945 3480; x_wconf 85' lang='lat' dir='ltr'>¹ut</span> <span class='ocrx_word' id='word_1_247' title='bbox 962 3423 1069 3468; x_wconf 87' lang='lat' dir='ltr'>coram</span> 
     </span>
     <span class='ocr_line' id='line_1_34' title="bbox 138 3501 1069 3582; baseline -0.001 -18"><span class='ocrx_word' id='word_1_248' title='bbox 138 3503 290 3582; x_wconf 88' lang='lat' dir='ltr'>parocho,</span> <span class='ocrx_word' id='word_1_249' title='bbox 306 3507 338 3566; x_wconf 90' lang='lat' dir='ltr'>at</span> <span class='ocrx_word' id='word_1_250' title='bbox 349 3503 493 3582; x_wconf 88' lang='lat' dir='ltr'>testibus,</span> <span class='ocrx_word' id='word_1_251' title='bbox 511 3503 578 3564; x_wconf 87' lang='lat' dir='ltr'>haec</span> <span class='ocrx_word' id='word_1_252' title='bbox 592 3501 777 3565; x_wconf 87' lang='lat' dir='ltr'>revalidatio</span> <span class='ocrx_word' id='word_1_253' title='bbox 792 3503 857 3580; x_wconf 90' lang='lat' dir='ltr'>fiat,</span> <span class='ocrx_word' id='word_1_254' title='bbox 879 3503 905 3564; x_wconf 89' lang='lat' dir='ltr'>si</span> <span class='ocrx_word' id='word_1_255' title='bbox 919 3502 958 3566; x_wconf 90' lang='lat' dir='ltr'>de</span> <span class='ocrx_word' id='word_1_256' title='bbox 972 3503 1069 3582; x_wconf 87' lang='lat' dir='ltr'>impe·</span> 
     </span>
    </p>
   </div>
   <div class='ocr_carea' id='block_1_3' title="bbox 0 0 1278 4020">
    <p class='ocr_par' dir='ltr' id='par_1_3' title="bbox 0 0 1278 4020">
     <span class='ocr_line' id='line_1_35' title="bbox 0 0 1278 4020; baseline 0 1"><span class='ocrx_word' id='word_1_257' title='bbox 0 0 1278 4020; x_wconf 95' lang='lat' dir='ltr'> </span> 
     </span>
    </p>
   </div>
  </div>
 </body>
</html>
