2504 4024
402 299 442 344 nn
464 295 593 343 onrncro
612 297 694 344 rurus
717 297 871 344 onrorucr.
1044 289 1102 348 {19

168 443 258 504 ricali
276 441 404 522 :prima
417 440 472 502 illa
485 440 633 520 relinquit
642 433 754 502 clerico
765 441 963 522 privilegium
973 443 1102 505 canonis

169 543 203 601 et
225 538 295 615 fori,
322 538 390 600 haee
413 538 518 598 omnia
539 537 621 599 tollit
643 537 717 617 jura
740 537 907 600 clericalia.
934 540 969 601 ln
997 541 1101 618 speeie

168 652 246 695 vero
260 634 358 697 variae
371 633 487 695 dantur
505 631 739 710 degradationis
758 636 790 695 oi
809 633 1012 710 depositionis
1030 654 1102 715 spe-

169 748 246 792 cree.
976 795 981 806 ,

211 825 370 904 Deposiiio
384 824 453 904 ipsa
466 824 498 886 in
513 824 617 902 specie
631 827 757 903 sumpta
771 826 874 903 potest
888 843 955 886 esse
969 826 1019 887 rel
1032 845 1102 904 par-

170 919 264 996 dalio,
281 919 427 980 uidelicet
440 919 552 997 positio
567 917 607 978 de
621 919 722 998 gradu
736 917 838 980 altiori
854 919 894 980 ad
907 919 1042 998 gradum
1054 919 1103 979 in-

170 1013 330 1091 feriorem,
352 1019 499 1076 manente
520 1014 739 1080 communione
761 1015 896 1076 clericali
917 1014 949 1076 in
969 1033 1027 1076 suo
1048 1033 1104 1094 ge-

172 1126 258 1184 nere,
275 1113 307 1170 et
329 1110 432 1171 solum
454 1109 620 1171 imminuta
641 1111 674 1169 in
697 1111 801 1189 specie
825 1110 931 1190 quoad
954 1110 1101 1174 determi-

172 1208 282 1266 natum
296 1204 433 1284 aliquem
447 1204 591 1284 gradum.

211 1299 401 1380 Degradetio
424 1317 498 1362 vero
520 1318 590 1381 queo
613 1300 755 1362 absolute
775 1300 877 1381 rejicit
900 1302 1047 1364 clericum
1070 1305 1102 1364 in

171 1394 285 1456 laicam
300 1395 552 1457 communionem
566 1398 669 1474 potest
683 1413 750 1456 esse
771 1397 821 1456 vel
842 1395 966 1457 verbulis
985 1399 1035 1459 val
1055 1417 1105 1458 oc-

173 1489 261 1551 tuclis
275 1509 330 1552 seu
345 1490 431 1552 realis
446 1511 458 1551 .·
472 1491 517 1552 ila
530 1491 632 1552 Bonis.
645 1492 736 1567 ,vlla
759 1521 800 1536 -
824 1489 952 1552 Verbalis
970 1495 1018 1553 est
1035 1493 1104 1573 ipsa

171 1586 304 1664 prolatio
320 1586 482 1648 sententiae
497 1603 554 1666 per
569 1604 665 1666 quam
675 1585 776 1666 judex
795 1586 1023 1649 ecclesiasticus
1044 1588 1105 1649 ole-

171 1681 272 1742 rioum
285 1681 370 1762 ejicit
385 1681 424 1743 de
439 1681 552 1760 gradu,
570 1685 601 1744 ct
614 1682 681 1744 foro
698 1681 798 1742 laicali
809 1681 936 1746 addicit.
954 1685 1027 1747 Haeo
1038 1702 1101 1745 non

171 1776 287 1838 sufficit
301 1782 336 1836 ul
349 1776 478 1837 canonis
493 1777 692 1856 privilegium
706 1778 877 1840 amittetur.
889 1813 930 1824 -
944 1779 1041 1841 Healr'r
1055 1784 1103 1843 est

170 1871 314 1952 lugubris
328 1878 360 1932 et
373 1872 521 1934 solemnis
541 1875 729 1936 caercmonia
747 1892 810 1953 qua
830 1875 870 1936 ab
892 1877 1104 1938 ecclesiastice

171 1967 357 2030 auctoritaie
381 1967 497 2029 elerico
521 1969 730 2032 detrahuntur
753 1971 801 2032 sui
825 1971 943 2032 ordinis
966 1971 1104 2052 insignia

170 2063 272 2143 gradu
285 2063 411 2124 inverso
428 2081 490 2143 quo
506 2064 701 2126 ordinatione
716 2067 760 2126 illi
775 2067 988 2144 traditarum,
1010 2071 1042 2130 el
1059 2068 1104 2128 ita

171 2176 277 2220 coram
305 2157 386 2219 facie
409 2159 556 2222 Ecclesia
580 2161 733 2241 redigitur
756 2163 794 2222 ed
819 2180 940 2223 meram
963 2181 1104 2225 commu-

168 2255 297 2316 nionem
319 2255 473 2316 laicalem.
505 2259 573 2317 Non
601 2275 690 2318 secus
718 2257 832 2318 milites
848 2257 1006 2318 detractis
1029 2257 1104 2318 insi-

168 2350 285 2429 gnibus
299 2349 487 2412 militaribus
501 2356 754 2414 exauctorantur.
772 2352 846 2412 Haec
860 2369 935 2424 vero
954 2369 1105 2415 omnemo-

169 2445 224 2506 nia
238 2446 343 2524 quoad
357 2446 495 2508 minores
509 2447 634 2509 ordines
649 2452 680 2511 ot
700 2449 834 2528 primam
852 2453 1016 2512 tonsuram
1036 2451 1104 2529 plu-

168 2539 258 2600 ribus
272 2539 304 2600 in
318 2539 396 2600 locis
408 2541 541 2602 remisso
556 2545 613 2603 est.
640 2580 642 2584 -

209 2643 257 2704 lle
266 2639 380 2702 videtis
390 2639 548 2719 quomodo
557 2640 630 2702 licet
640 2639 811 2722 acquisitus
821 2659 878 2720 per
888 2643 1104 2704 characterem

169 2735 443 2812 sacramentalem,
460 2736 602 2798 internus
616 2736 721 2798 elerici
736 2737 786 2800 vel
796 2738 957 2801 christiani
967 2739 1104 2802 hominis

168 2832 281 2906 statue,
303 2829 378 2891 licet
397 2829 585 2907 indelebilis,
610 2831 697 2893 nulle
719 2832 925 2896 diminutione
949 2853 1048 2914 capax
1073 2838 1104 2896 et

168 2924 392 3002 inamissibilis,
410 2932 560 2987 externus
572 2926 624 3006 qui
639 2927 683 2988 illi
702 2929 872 3006 respondet
889 2929 921 2991 in
941 2930 1102 2991 ecclesias-

167 3018 232 3078 tica
246 3016 412 3095 disciplina
424 3021 528 3096 polest
537 3017 569 3079 in
579 3037 707 3096 poenam
717 3019 761 3083 ila
771 3020 880 3096 minui,
893 3022 927 3083 ul
937 3020 1101 3098 episcopus

168 3113 277 3190 etiam,
301 3112 354 3192 qui
372 3131 556 3193 supremum
573 3115 697 3177 'obtinet
717 3117 852 3196 gradum
872 3115 904 3175 in
926 3115 1104 3180 hierarchia

170 3209 289 3270 ordinis
303 3209 468 3281 clericalis,
484 3213 611 3273 externo
626 3216 727 3289 statu,
744 3211 839 3273 etiam
854 3211 1003 3292 simplicis
1017 3212 1102 3293 laici,

168 3302 202 3362 in
216 3302 357 3365 Ecclesia
369 3303 485 3382 privari
500 3305 612 3385 potuit.

210 3400 357 3479 Oportuit
369 3401 461 3463 simul
475 3401 667 3482 conjungere
685 3402 904 3465 tractationem
924 3407 963 3468 de
982 3407 1105 3470 amissi-

169 3492 290 3557 bilitate
304 3499 404 3558 slatus
419 3497 571 3560 clericalis
591 3500 622 3560 et
642 3500 741 3561 slatus
762 3499 939 3564 christiana
962 3520 1102 3566 commn-
