2476 4022
192 299 231 359 32
404 314 631 374 rusr1rur10nas
652 318 734 364 runs
756 318 912 366 aaronica

193 457 364 536 regulares,
377 457 449 538 jure
464 460 632 536 communi,
647 465 678 522 et
693 461 840 522 monachi
855 463 894 524 ob
909 463 1123 541 solitudinem,

192 557 224 614 et
246 553 350 614 clerici
374 553 492 633 absque
517 554 666 616 ordinarii
688 556 824 634 licentia,
848 562 882 620 ut
903 558 1012 621 volunt
1034 561 1127 638 plura

193 652 309 710 statuta
322 649 557 729 particularium
571 651 724 712 locorum.

232 743 328 804 Decet
342 747 376 804 ut
390 743 451 805 sint
463 744 599 822 puberes
614 747 645 805 et
659 743 845 806 confirmati.

233 837 354 899 Debent
373 842 479 900 autem
500 838 633 914 admitti,
655 840 816 916 voluens,
840 843 895 901 aut
915 857 989 914 una,
1011 839 1062 900 vel
1084 839 1126 900 ad

193 949 351 993 summum
370 933 443 1011 duo,
461 951 558 993 unum
577 951 633 1012 pro
650 935 780 1015 siugulis
800 935 936 1010 sexibus,
953 938 984 995 et
1005 933 1066 994 hoc
1086 935 1126 995 de

189 1026 260 1107 jure
275 1029 443 1104 communi,
459 1047 498 1088 nc
514 1029 605 1090 nimis
623 1048 690 1092 sese
706 1030 854 1092 extendat
872 1029 1016 1109 cognatio
1032 1029 1128 1107 spiri-

191 1120 300 1192 tualis;
324 1125 516 1200 quapropter
534 1140 591 1181 nec
615 1122 728 1202 conjux
749 1121 927 1200 conjugem,
951 1139 1009 1181 nec
1033 1124 1128 1198 pater

192 1212 289 1274 filium
300 1214 458 1294 suscipere
473 1218 585 1294 potest.

558 1417 692 1462 carmus.
717 1416 753 1461 11.

477 1559 516 1597 DE
540 1558 845 1598 cenninusnlonn.

231 1700 253 1758 l.
278 1694 548 1767 Quemadmodum
571 1697 662 1755 natus
684 1695 777 1755 homo
798 1694 831 1754 in
853 1693 962 1754 ordine
984 1695 1122 1756 naturali

192 1791 309 1852 sensim
331 1791 498 1852 roboratur
521 1792 552 1849 et
575 1789 697 1860 crescit,
722 1788 765 1850 ita
788 1789 853 1849 vita
875 1790 1125 1867 supernaturalis

192 1901 262 1963 quae
277 1901 334 1961 per
347 1884 578 1961 sacramentum
593 1882 789 1960 baptismatis
803 1881 936 1943 innubis
952 1886 1045 1944 enata
1062 1887 1123 1961 est,

192 1998 249 2059 per
263 1983 495 2041 sacramentum
515 1979 760 2040 confirmationis
777 1977 939 2038 adolescit.
955 1975 1124 2038 Ecclesias-

191 2078 254 2139 tica
267 2074 443 2154 disciplina,
461 2092 530 2153 quae
547 2075 703 2154 dogmatis
719 2076 871 2153 perpetua
886 2073 1044 2151 expressio
1063 2076 1121 2149 est,

192 2168 374 2248 simpliciter
392 2159 567 2247 baptizatos
584 2173 737 2248 tanquam
755 2168 901 2244 infantae,
923 2169 1125 2230 confirmatos

191 2272 342 2348 tanquam
361 2267 445 2329 viros
463 2267 643 2328 considerat
663 2267 696 2326 in
716 2266 947 2343 communione,
971 2267 1002 2327 in
1024 2267 1125 2327 socie-

191 2368 255 2424 tate
270 2364 440 2426 christiana
456 2383 462 2423 :
480 2363 549 2423 illos
564 2368 716 2442 tanquam
735 2381 839 2422 meros
859 2361 954 2435 cives,
977 2361 1034 2422 hos
1053 2364 1125 2423 tsn-

192 2477 287 2538 quam
301 2457 414 2519 milites
429 2458 561 2520 civitatis
575 2459 631 2519 Dei
647 2476 717 2538 quae
732 2461 779 2519 est
793 2456 944 2517 Ecclesia.

234 2556 407 2632 Postquam
422 2571 497 2633 ergo
513 2553 551 2614 de
566 2554 667 2632 primo
690 2553 743 2616 illo
758 2554 965 2628 sacramento,
983 2569 1045 2633 quo
1060 2553 1123 2612 Deo

191 2645 387 2706 renascimur
400 2665 458 2725 per
471 2647 607 2726 gratiam
621 2647 834 2724 invisibiliter,
851 2651 882 2708 et
897 2644 1060 2707 visibiliter
1073 2663 1123 2706 ec-

192 2741 373 2804 clesiasticae
382 2742 523 2804 societati
533 2743 886 2823 aggregamur,jamdiu
896 2741 992 2804 locuti
1002 2759 1119 2818 sumus,

191 2839 231 2899 de
246 2840 305 2900 hoc
320 2839 418 2901 altero
434 2843 632 2901 sacramento
647 2840 740 2900 hodie
754 2838 949 2918 loquendum
963 2840 1020 2898 est.
1034 2838 1120 2910 Quod

191 2938 227 2997 ut
239 2939 377 3015 prestem
392 2953 429 2996 eo
448 2934 555 3011 modo,
577 2954 639 3014 quo
658 2935 733 2996 viris
753 2935 909 3014 theologis
931 2951 993 2995 non
1015 2933 1122 3013 displi-

191 3035 271 3110 ceat,
288 3031 457 3111 suppositis
472 3029 652 3092 notionibus
666 3030 852 3110 dogmaticis
867 3047 936 3110 quae
947 3030 1007 3090 hoc
1018 3047 1121 3090 secra-

191 3134 332 3192 mentum
356 3126 544 3208 respiciunt,
574 3144 676 3206 pauca
699 3131 850 3206 tanquam
874 3125 1039 3186 delineabo
1063 3126 1120 3185 sub

191 3229 335 3302 respectu
357 3225 460 3303 potius
482 3223 686 3302 disciplinari,
710 3226 742 3284 et
765 3221 893 3302 quidem
917 3225 951 3283 ut
973 3221 1119 3281 definiam

191 3322 354 3400 generales
368 3321 463 3402 hujus
481 3318 670 3382 sacramenti
688 3322 788 3382 status
806 3319 839 3380 in
858 3318 1006 3380 socictate
1025 3318 1119 3378 chris·

191 3416 289 3477 tiana.

232 3515 334 3585 Quum
355 3515 459 3574 autem
481 3511 669 3573 sacramenti
690 3511 775 3573 notio
799 3509 940 3574 involvat
965 3510 1118 3572 notionem
