2548 4020
369 305 407 350 an
429 305 557 351 ostscro
577 307 659 352 rums
681 307 834 354 cauomcr.
1010 301 1062 359 I8t

138 453 332 532 distinguere
341 450 731 516 deberemusintervotum
741 453 872 534 simplex
880 461 910 519 et
916 458 1065 521 solemne.

137 551 211 612 Haeo
226 548 383 610 distinctio
398 552 464 609 tota
474 548 555 628 juris
569 548 769 611 ecclesiastici
785 555 843 628 est,
859 569 914 612 seu
926 559 960 616 ut
974 556 1070 619 habet

136 645 317 714 Bonifaaius
339 645 407 706 VIII
424 644 505 724 (cap.
522 645 587 706 uni.
604 645 644 706 de
658 647 739 707 Vota
753 646 786 706 in
800 647 843 726 6⁰)
862 668 869 708 :
891 649 955 710 Voti
969 651 1069 712 solem

136 739 215 798 nitas
234 757 273 798 ea
286 737 347 798 sola
360 737 557 798 constitutione
571 737 714 799 Ecclesia
726 746 768 798 est
781 739 907 816 inventa,
923 741 1071 804 videlicet

137 833 248 894 dixere
262 833 439 894 scholastici
460 835 568 894 votum
588 833 726 902 solemne
747 835 896 897 castitatis
910 835 1007 899 illud:
1024 839 1072 898 cai

138 929 308 1010 beneficiam
323 929 555 1006 consecrationis,
566 929 611 990 oct
621 929 801 1012 propositum
816 931 965 1012 relipiom's
979 951 1070 993 acces-

136 1021 221 1098 serit,
239 1027 275 1081 ut
293 1021 389 1083 habet
407 1021 573 1083 Gratianus
588 1021 640 1102 (ad
660 1041 728 1085 can.
745 1028 775 1087 8.
794 1025 865 1088 dist.
882 1026 945 1104 27),
962 1045 1018 1088 seu
1037 1030 1072 1088 ut

138 1117 324 1196 explicatius
344 1121 375 1180 ct
393 1118 507 1180 clarius
527 1118 622 1180 habet
640 1120 817 1182 Bonifatius
832 1124 901 1184 VIII
917 1124 998 1205 (cap.
1016 1143 1069 1185 uu.

139 1215 178 1275 de
195 1214 307 1294 Voto);
331 1213 409 1294 qaod
433 1214 651 1275 solemnizatum
678 1216 772 1296 suerit
791 1237 845 1296 per
865 1222 1071 1300 susceptionem

136 1307 252 1369 ordinis
265 1308 352 1380 sacri,
367 1317 419 1368 aot
427 1327 483 1388 per
493 1309 702 1389 professionem
720 1310 830 1389 [actam
851 1312 942 1372 alicui
954 1313 991 1374 de
1002 1314 1074 1376 reli-

138 1404 275 1484 pioaibas
291 1423 345 1484 per
362 1403 455 1465 sedem
476 1405 662 1485 apostolicam
685 1404 870 1486 adprobatis,
897 1409 985 1490 cujus
1004 1430 1073 1491 pro·

137 1499 239 1578 fessio,
255 1500 289 1559 ut
303 1496 437 1576 explieat
449 1498 588 1560 loannes
602 1497 686 1558 XXII
701 1497 840 1577 (liutran.
853 1498 918 1561 uni.
931 1501 970 1563 de
981 1500 1073 1578 Vcto)

138 1592 182 1654 ad
196 1593 337 1652 castitatis
350 1591 507 1653 custodiam
521 1601 548 1653 et
561 1590 770 1658 abdicationem
789 1593 991 1675 temporalium
1009 1613 1075 1654 scos

137 1688 319 1768 professores
345 1687 521 1760 adscriscis,
544 1706 615 1769 quas
637 1706 700 1750 non
724 1691 881 1753 habentur
903 1692 935 1752 in
956 1690 1075 1774 profes·

139 1786 231 1847 sione
246 1786 423 1864 aliquorum
437 1784 619 1846 militarium
633 1786 791 1864 ordinum,
808 1792 840 1849 et
853 1787 936 1850 tertii
956 1787 1075 1848 ordinis

33 1899 37 1908 ’
140 1883 189 1945 St.
206 1883 364 1944 Francisci
378 1888 410 1944 et
424 1881 588 1944 Dominici.

182 1981 262 2041 Cum
287 1983 392 2042 autem
413 1980 581 2041 recentiori
596 1977 679 2058 jure,
696 1980 862 2060 approbati
881 1982 981 2043 sinte
1000 1981 1075 2042 sede

140 2075 316 2155 apostolica
330 2076 425 2137 etiam
439 2075 491 2136 alii
506 2076 632 2154 ordines
646 2075 699 2156 qui
714 2094 776 2137 non
793 2077 911 2140 habent
930 2083 1075 2140 votorum

141 2171 394 2250 solemnitatem,
417 2172 473 2232 sed
499 2176 622 2234 tantum
650 2172 682 2232 in
709 2172 903 2251 professione
931 2173 1078 2236 emittunt

141 2275 218 2332 vota
239 2269 403 2348 simplicia,
420 2272 452 2331 et
472 2275 581 2330 votum
604 2269 755 2332 castitatis
769 2285 832 2330 non
846 2270 980 2347 amplius
1004 2274 1076 2331 ante

143 2364 376 2444 susceptionem
404 2381 565 2426 sacrorum
587 2364 732 2426 ordinum
757 2363 902 2442 exigatur
926 2363 1017 2442 (adeo
1043 2369 1078 2422 ut

142 2462 291 2523 videatur
308 2461 412 2539 potius
431 2459 509 2521 ordo
529 2477 619 2521 sacer
637 2461 758 2539 exlege
777 2455 935 2536 Ecclesia,
953 2474 1077 2538 compa-

51 2569 57 2582 ·
144 2564 234 2619 ratus
248 2556 342 2618 statui
357 2555 495 2635 religiosi
510 2557 565 2635 qui
578 2556 736 2634 professus
757 2556 852 2617 fuerit
872 2559 946 2617 vota
966 2555 1077 2616 solem-

145 2651 199 2712 nia
220 2649 326 2730 quoad
350 2651 497 2711 effectum
519 2649 710 2711 matrimonii
735 2641 959 2727 contrahendi,
983 2667 1078 2729 quam

145 2747 273 2826 proprie
293 2746 410 2808 habere
430 2745 588 2807 adnexum
606 2749 716 2808 votum
735 2748 873 2810 solemne
895 2746 1083 2826 castitatis),

146 2861 314 2923 possumus
329 2843 433 2903 dicere
448 2846 556 2904 votum
569 2843 718 2920 solemne,
735 2845 813 2905 illud
828 2845 910 2925 quod
927 2844 1080 2905 emittItur

145 2941 176 3000 in
192 2939 387 3019 professione
401 2938 560 3018 religionis
574 2957 595 2999 a
612 2940 687 3000 sede
706 2941 877 3019 apostolice
896 2940 1078 3019 approbatae

147 3055 220 3097 cum
242 3036 383 3096 clausula
403 3038 435 3096 et
455 3035 602 3097 facultate
631 3037 794 3098 emittendi
816 3041 890 3098 vota
913 3036 1076 3110 solemnia,

148 3139 264 3196 caetera
284 3143 391 3194 autem
411 3135 486 3194 vcta
499 3132 549 3192 vel
563 3132 594 3193 in
609 3134 761 3213 religIone
775 3133 825 3193 vel
847 3137 936 3196 extra
956 3131 1081 3212 religio-

150 3248 225 3290 num
239 3230 354 3290 emissa
367 3247 434 3290 esse
449 3232 523 3291 vota
536 3229 699 3309 simplicia.

189 3328 268 3386 Cum
282 3328 388 3386 autem
404 3326 567 3388 Societatis
576 3327 652 3389 lesu
663 3325 900 3387 constitutiones
914 3324 1083 3389 admittant

39 3479 40 3490 ,
151 3419 307 3498 duplicem
322 3421 561 3499 professionem
578 3421 672 3483 aliam
691 3419 837 3483 videlicet
850 3421 956 3482 minus
970 3423 1083 3484 solem-

40 3599 41 3602 ,
153 3534 223 3577 nem
244 3524 315 3596 post
334 3518 502 3580 triennium
524 3517 732 3597 probationis,
756 3521 788 3579 in
811 3537 874 3600 qua
899 3520 1084 3581 emittuntur

242 3629 308 3668 τοι.
327 3631 359 3668 u.
963 3617 994 3672 il
