2504 4024
192 291 249 350 160
397 297 625 345 rusmrorsouns
645 295 728 342 sums
751 293 906 340 csuomor.

231 447 293 510 Sed
320 447 388 508 baso
415 441 621 507 contrahendi
654 441 754 503 forma
780 441 902 502 tamdiu
928 441 1121 521 perdurasse

190 547 324 621 videtur,
341 541 491 623 quamdiu
511 557 581 620 quae
600 557 639 600 ex
658 556 694 600 eo
707 544 879 599 contractu
898 540 1123 618 perficiebatur

190 641 338 722 obligatio
357 637 535 699 firmissima
548 636 618 712 fuit,
637 639 668 697 et
683 634 762 696 actio
777 635 850 696 inde
866 639 940 696 nata
952 635 1119 716 injudicio

190 756 262 800 cum
281 737 393 797 effectu
414 732 584 814 proposita.
601 734 642 793 At
655 737 822 810 postquam
839 731 1004 794 inductum
1023 739 1074 793 est
1086 737 1121 795 ut

190 834 279 895 facile
300 831 333 892 in
355 830 478 890 irritum
500 827 644 902 caderet,
660 825 853 906 indulgendo
874 827 997 905 sponsis
1017 846 1058 889 ne
1079 830 1119 891 ad

190 921 405 988 contrahenda
426 921 573 1001 conjugia
594 920 809 1001 obligarentur
821 921 1010 984 reluctantes
1024 927 1057 985 et
1070 924 1120 985 in-

190 1023 255 1097 viti,
272 1019 389 1100 negligi
407 1017 503 1097 coepit
521 1035 559 1078 ea
573 1017 720 1077 solemnis
738 1017 1024 1079 contrahendarum
1043 1037 1122 1082 con-

186 1117 346 1196 jugiorum
361 1115 452 1190 ratio,
464 1116 496 1175 et
509 1116 689 1174 contractus
703 1112 896 1190 sponsalium
909 1113 1058 1175 redactus
1073 1119 1121 1176 est

189 1213 223 1273 ut
244 1211 302 1272 sit:
320 1210 353 1290 (l.
370 1211 394 1286 l,
411 1210 443 1270 ff.
462 1209 494 1271 h.
510 1207 548 1288 t.)
563 1207 652 1270 Nuda
669 1207 775 1268 mentio
793 1217 820 1268 et
838 1209 1018 1288 repromissio
1036 1209 1121 1288 sutu-
1241 1279 1242 1286 ἵ

189 1322 291 1363 rorum
306 1302 487 1383 nuptiarum,
504 1319 560 1363 seu
575 1305 610 1362 ut
623 1301 737 1362 clarius
752 1301 876 1362 definiri
893 1301 991 1362 solet:
1015 1300 1080 1363 Viri
1092 1310 1120 1362 et

189 1399 318 1460 mulieris
332 1407 432 1460 mutae
443 1397 596 1479 promissio
609 1395 707 1476 samri
718 1397 910 1458 matrimonii.

228 1498 300 1558 Jam
309 1513 384 1557 vcro
395 1495 535 1556 Ecclesia
549 1493 706 1555 connubia
719 1494 962 1555 christianorum
972 1495 1120 1558 modera-

188 1597 269 1669 tura,
287 1592 405 1651 nullam
424 1590 552 1670 quidem
567 1591 688 1668 aspexit
706 1591 924 1653 necessitatem
937 1591 1120 1671 hujusmodi

189 1690 385 1746 contractum
399 1683 619 1763 praemittendi.
637 1686 796 1759 Attamen,
810 1683 875 1744 sive
884 1684 964 1763 ,quia
977 1684 1119 1746 moribus

64 1783 66 1786 ’
163 1838 166 1844 ,
189 1785 256 1844 erat
279 1786 439 1860 receptus,
466 1783 497 1842 et
518 1781 617 1843 multo
647 1779 750 1860 magis
774 1780 848 1860 quia
871 1781 914 1840 nil
937 1782 1121 1844 continebat

188 1878 433 1954 immoralitatis,
463 1877 544 1940 ultro
573 1876 751 1956 hujusmodi
768 1877 945 1956 pactiones
978 1877 1116 1941 admisit.

186 1977 252 2036 lmo
273 1973 389 2054 optime
408 1973 482 2036 visae
498 1977 571 2036 sunt
589 1973 733 2059 componi
750 1990 840 2051 posse
860 1990 932 2034 cum
951 1975 1119 2039 sanctitate

187 2070 377 2133 matrimonii
408 2070 586 2147 christiani,
612 2073 647 2132 ut
669 2069 783 2150 majori
806 2069 1058 2133 consideratione
1086 2077 1120 2136 et

186 2167 388 2246 dispositione
403 2184 440 2228 eo
455 2165 549 2228 modo
568 2164 766 2245 suscipiatur,
784 2184 845 2245 quo
866 2165 1059 2244 sperandum
1077 2168 1119 2232 sit

186 2267 340 2347 optimum
368 2266 486 2328 exitum
514 2265 579 2327 fore
608 2263 799 2325 habiturum.
823 2265 1021 2344 Quapropter
1047 2266 1117 2328 haec

186 2362 344 2442 sponsalia
357 2362 452 2423 etiam
462 2361 534 2441 jure
549 2365 655 2423 nostro
675 2359 894 2437 admittuntur,
911 2379 1045 2440 quorum
1059 2380 1117 2425 na-

185 2463 257 2522 tura
269 2457 431 2536 paululum
446 2457 644 2537 explananda
658 2462 716 2518 est.
733 2458 861 2536 ltaque:

227 2557 256 2615 l⁰
272 2553 437 2632 sponsalia
455 2570 518 2614 non
533 2556 605 2615 sunt
626 2570 715 2613 mera
727 2551 891 2632 promissio,
907 2551 963 2613 sed
984 2553 1116 2632 promis-

185 2649 230 2710 sio
251 2656 362 2720 mutuo,
378 2665 434 2708 seu
454 2647 619 2727 promissio
640 2651 671 2710 et
692 2647 908 2726 repromissio;
932 2649 1015 2709 unde
1036 2650 1116 2712 reci-

184 2760 312 2824 procam
332 2739 502 2820 mporant
524 2741 764 2822 obligationem,
788 2747 819 2805 et
840 2747 912 2806 sunt
935 2747 1116 2808 contractus

183 2838 370 2912 bileteralis3
388 2837 472 2899 unde
487 2837 512 2899 si
528 2855 608 2898 unus
628 2838 791 2916 promittit,
809 2840 887 2901 alter
907 2839 1019 2920 recipit
1039 2858 1115 2903 con-

183 2952 325 3010 sensum,
353 2952 414 2995 non
438 2933 596 2994 habentur
627 2935 800 3013 sponsalia,
823 2934 879 2996 sed
908 2934 995 2996 nuda
1022 2936 1115 2998 unius

183 3029 347 3108 promissio
363 3032 393 3092 et
407 3030 583 3108 respectiva
597 3030 758 3111 obligatio.

222 3131 254 3187 2⁰
268 3127 390 3190 Debent
411 3127 470 3206 ipsi
493 3127 679 3204 consentire,
697 3146 755 3189 nec
774 3127 826 3189 alii
851 3132 981 3206 possunt
1004 3145 1062 3207 pro
1077 3128 1115 3190 iis

183 3225 358 3284 consentire
373 3223 431 3284 nisi
446 3223 583 3286 habeant
596 3223 732 3303 speciale
747 3224 942 3287 mandatum.
953 3225 1114 3305 Quidquid

183 3317 267 3377 enim
281 3320 321 3380 sit
334 3319 373 3380 de
392 3319 463 3400 jure
484 3325 623 3382 mosaico
639 3319 688 3382 vel
703 3319 742 3380 da
757 3338 887 3382 romano
899 3321 983 3401 jure,
1000 3339 1114 3383 secun-

182 3410 257 3472 dum
285 3431 354 3490 quae
383 3415 499 3475 scimus
520 3418 642 3477 constat
669 3415 733 3476 iera
755 3433 881 3476 omnem
908 3420 1031 3495 partem
1053 3417 1113 3478 sibi

181 3505 349 3583 sumpsisse
373 3510 527 3586 patrosin
542 3509 739 3588 sponsalibus
760 3510 934 3589 prasertim
954 3511 1109 3588 filiarum3
