2548 4020
175 325 232 386 248
379 337 607 386 rusnrurronus
628 339 711 384 aunis
734 337 889 386 coruunt.

175 487 350 564 spectemus
366 499 429 542 non
443 480 534 544 valde
548 481 716 546 differunt:
733 489 864 561 utraque
875 481 959 544 enim
969 483 1099 544 servitu·

174 587 236 642 tom
251 579 377 653 dicunt;
403 579 505 640 sedin
529 579 628 658 primo
653 597 727 640 casu
751 579 890 646 servitus,
904 578 1038 640 refertur
1060 578 1100 640 ad

174 676 348 753 subjectum
372 676 488 750 colens,
504 675 535 736 in
560 677 657 737 altero
677 675 718 736 ad
740 674 898 756 objectum
921 676 1033 752 cultus,
1058 674 1100 734 si-

173 774 299 853 quidem
315 773 346 834 in
361 775 461 854 primo
475 776 660 856 profitemur
677 777 742 836 Deo
756 781 895 836 nostram
918 774 1099 835 servitutem

173 877 321 950 tanquam
336 887 442 931 rerum
455 872 595 932 omnium
609 877 755 950 'supremo
779 869 930 945 Domino;
946 869 978 928 in
1002 867 1099 930 altero

173 968 382 1046 glorificamur
395 968 495 1028 Deum
509 968 541 1027 in
557 967 651 1030 sacris
666 967 740 1028 suis.

212 1065 273 1126 Sed
296 1081 360 1126 non
381 1069 503 1126 tantum
525 1062 558 1122 in
579 1081 694 1141 genere
719 1063 791 1124 colit
813 1062 952 1124 Ecclesia
975 1065 1100 1124 sanctos

51 1222 54 1227 .
172 1179 243 1222 eum
257 1159 379 1222 Christo
386 1164 554 1238 regnantes
568 1158 759 1237 complexive
771 1161 922 1238 sumptos,
939 1157 995 1220 sed
1005 1157 1099 1220 etiam

85 1293 87 1298 ·
172 1260 203 1319 iu
224 1258 327 1337 speeie
348 1265 380 1320 et
402 1256 597 1320 distributive
621 1259 774 1337 sumptos,
799 1262 953 1336 quatenus
974 1255 1099 1318 felicem

172 1353 278 1434 glorias
307 1352 529 1415 nonnullorum
556 1355 671 1412 statum
698 1351 748 1412 vel
775 1350 894 1430 privato
923 1368 1017 1412 sensu
1045 1354 1100 1412 aut

171 1450 329 1511 communi
354 1448 499 1528 opinione
514 1447 726 1509 existimamus
746 1446 795 1508 vel
809 1446 941 1526 puhlieoe
964 1447 1099 1508 auctori-

171 1545 242 1606 tatis
265 1542 482 1606 ecclesiasticae
511 1542 636 1605 oraculo
657 1541 697 1604 de
720 1542 772 1604 illo
794 1541 898 1604 edocti
927 1543 1034 1603 simus.
1063 1543 1098 1602 In

171 1641 271 1717 primo
286 1657 361 1701 casu
376 1642 476 1700 cultus
490 1645 537 1700 est
552 1641 701 1718 privatus,
718 1639 834 1718 quippe
858 1639 910 1717 qui
925 1655 965 1700 ex
978 1639 1099 1717 privata

171 1732 338 1794 colentium
353 1730 517 1793 devotione
532 1732 683 1811 procedit.
700 1734 735 1792 ln
757 1732 856 1792 altero
871 1734 919 1793 est
941 1731 1096 1810 publicus,

171 1828 323 1906 siquidem
357 1827 480 1905 publica
514 1827 661 1888 Ecclesia
690 1826 871 1889 auctoritate
906 1827 1095 1889 decernitur.

170 1926 308 1990 Ecclesia
321 1931 427 1989 autem
441 1928 500 1987 hoa
511 1926 664 2006 judicium
678 1943 742 1986 non
756 1925 888 1987 instituit
902 1926 942 1987 de
966 1923 1096 2005 singulis

171 2025 223 2104 qui
241 2025 274 2084 in
288 2023 454 2086 christiana
478 2023 698 2084 communione
714 2022 900 2098 moriuntur,
928 2020 984 2083 sed
997 2021 1037 2082 de
1060 2019 1097 2081 iis

172 2139 249 2201 quos
263 2139 437 2201 proponere
462 2120 559 2197 possit
582 2123 734 2197 tanquam
757 2119 907 2200 singulari
930 2117 1022 2179 modo
1047 2135 1096 2178 cc

169 2218 280 2280 leudos
294 2223 328 2278 ut
348 2217 457 2278 lldeles
470 2217 503 2277 iu
527 2214 665 2293 eoquod
686 2215 846 2277 celebrent
866 2214 1005 2278 invenire
1027 2230 1097 2293 pos·

171 2315 231 2376 sint
245 2314 404 2393 exemplar
417 2313 503 2394 quod
518 2312 689 2375 imitentur.
963 2317 969 2328 '

210 2410 275 2469 Hoc
290 2412 396 2469 autem
412 2406 522 2468 accidit
536 2405 588 2466 ubi
603 2406 867 2486 apprehenditur:
884 2410 913 2468 1ο
923 2407 981 2469 Vel
993 2423 1095 2485 perse·

169 2500 307 2562 vorantia
322 2500 423 2561 finalis
438 2500 468 2560 in
479 2499 625 2561 exercitio
640 2498 788 2560 virtutum
799 2500 938 2561 omnium
954 2501 985 2561 iu
995 2501 1097 2582 gradu

170 2595 307 2655 heroico.
337 2599 368 2654 ΞΟ
392 2597 447 2656 Vel
470 2595 654 2676 martyrium
681 2613 738 2674 pro
761 2595 876 2658 Christi
898 2596 959 2657 fide
983 2595 1097 2658 invicte

169 2688 333 2748 toleratum
351 2705 357 2747 ε
375 2687 457 2748 unde
473 2696 595 2750 sanctos
610 2689 705 2750 uultui
720 2691 864 2770 proponit
877 2689 926 2750 uel
941 2695 1096 2770 martyres

168 2789 223 2845 aut
236 2783 440 2846 confessores.
458 2786 523 2845 Hoc
538 2791 643 2846 autem
654 2786 806 2864 judicium
820 2786 941 2866 peragit
957 2787 1005 2848 vel
1027 2793 1097 2848 tan-

141 2895 144 2902 ’
169 2899 264 2959 quam
278 2879 431 2960 interpres
445 2881 537 2943 Verbi
554 2881 621 2956 Dei,
638 2881 692 2942 ubi
707 2900 808 2946 sermo
821 2885 858 2946 sit
868 2883 908 2944 de
917 2884 954 2945 iis
963 2902 1096 2963 quorum

168 2978 236 3038 laus
251 2984 281 3040 et
295 2977 432 3058 elogium
446 2977 604 3039 invenitur
618 2984 673 3037 aut
686 2978 718 3038 in
731 2978 826 3040 verbo
840 2979 896 3040 Dei
911 2981 1026 3058 scripto
1043 2985 1095 3041 aut

168 3074 293 3136 tradito.
310 3076 394 3135 luter
408 3091 516 3135 omnes
531 3074 647 3134 eminet
661 3073 752 3136 beata
767 3073 859 3153 Virgo
874 3077 972 3137 illaria
990 3081 1097 3136 sancta

167 3171 267 3232 Mater
280 3170 347 3248 Dei,
364 3188 458 3249 quam
473 3169 610 3231 Ecclesia
629 3176 759 3231 venerat
772 3175 922 3248 tanquam
945 3170 1096 3252 Reginam

169 3270 357 3344 martyrum,
387 3267 540 3347 Reginam
567 3265 796 3340 confessorum,
827 3268 978 3348 Reginam
1007 3267 1097 3348 virgi-

169 3377 256 3432 num,
281 3362 433 3439 Reginam
463 3369 640 3424 sanctorum
664 3364 815 3440 omnium,
841 3363 973 3442 proinde
996 3363 1096 3424 cultus

169 3452 312 3530 publicus
333 3456 387 3533 qui
400 3456 443 3516 illi
466 3457 649 3535 rependitur
663 3458 696 3518 in
720 3459 824 3536 speeie
845 3463 877 3521 et
900 3459 1097 3538 singulariter

171 3553 204 3609 ul
218 3567 237 3609 a
251 3549 337 3608 dulia
351 3552 508 3612 communi
523 3553 741 3632 distinguatur,
759 3554 870 3617 dieitur
883 3554 1068 3635 hyperdulia.
