2504 4024
178 253 235 308 {M
383 259 609 308 Irsrtrurlortus
630 259 712 305 sums
735 256 888 304 GANONIGI.

177 411 267 474 bonis
281 412 381 471 status
396 408 521 470 alantur
534 409 566 469 et
580 425 617 467 ex
631 406 670 468 iis
684 405 809 484 capiant
823 405 907 482 quod
926 409 1048 484 spectat
1065 405 1107 466 ad

178 505 325 564 decoram
345 506 375 564 et
394 501 559 563 relativam
578 518 668 564 suam
688 499 956 574 sustentationem,
980 498 1105 576 eodem,

176 597 316 674 inquam,
333 595 469 657 naturali
479 594 553 675 jure
568 599 602 656 ut
615 593 654 654 de
669 593 816 660 Ecclesia
827 593 1031 672 proventibus
1041 612 1108 655 sus·

177 693 345 751 tententur.
363 691 420 750 Hic
434 692 577 767 spectant
594 689 648 751 iila
669 687 756 749 Pauli
780 707 787 748 :
816 708 830 744 c
850 689 947 748 Nemo
968 687 1108 750 militans

176 783 289 844 militat
303 784 366 843 suis
381 783 541 860 stipendiis
557 800 706 862 unquam.
727 803 741 840 u
767 813 808 826 --
832 801 847 838 u
869 781 927 852 Qui
947 779 1040 842 altari
1060 782 1109 840 iu-

177 879 273 940 servit
287 873 325 938 do
339 878 430 938 altari
445 878 550 939 vivere
565 877 669 938 dehet.
687 898 701 936 v
723 911 764 922 -
787 897 801 934 c
816 875 849 936 Si
863 893 919 937 nos
933 876 1110 954 spiritualia

177 972 265 1033 vobis
279 970 512 1048 seminavimus,
528 989 680 1052 magnum
695 974 742 1033 est
751 971 777 1032 si
786 988 844 1032 nos
854 970 992 1032 carnalia
1001 977 1109 1032 vestra

177 1061 381 1124 metamusiu
400 1083 404 1091 ·

217 1159 296 1220 xvi.
319 1158 381 1218 Sed
403 1157 464 1220 alia
484 1157 631 1238 quaedam
648 1159 723 1239 jura
742 1162 816 1221 sunt
833 1177 916 1238 quae,
940 1159 1014 1221 licet
1034 1177 1109 1220 cum

174 1252 246 1332 jure
280 1253 457 1332 dogmatico
492 1272 642 1333 magnam
676 1254 928 1318 convenientiam
961 1260 1106 1332 servent,

176 1352 281 1409 temen
298 1348 336 1408 dc
344 1346 418 1426 jure
432 1348 536 1426 potius
551 1347 736 1428 disciplinari
749 1346 958 1410 ecclesiastico
978 1348 1109 1410 inducta

177 1440 333 1502 videntur.
352 1441 431 1502 Sunt
446 1445 551 1502 autem
570 1444 601 1502 1⁰
617 1441 669 1521 jus
689 1441 904 1515 immunitatis,
927 1445 958 1502 2⁰
977 1440 1029 1521 jus
1050 1460 1107 1502 scu

177 1535 375 1614 privilegium
396 1537 535 1612 canonis,
558 1539 590 1596 3ο
609 1535 661 1616 jus
685 1555 740 1597 seu
763 1536 962 1616 privilegium
982 1554 1108 1617 compe·

177 1631 294 1707 tentiae,
309 1635 341 1692 4⁰
356 1631 495 1692 nonnulli
512 1631 633 1694 addunt
648 1636 679 1694 et
689 1632 742 1711 jus
757 1633 879 1712 peculii.

218 1729 248 1786 1⁰
260 1725 435 1786 immunitas
448 1727 534 1787 idem
552 1731 599 1789 est
619 1746 656 1789 ac
677 1728 844 1807 exemptio,
867 1728 1049 1806 subtractio,
1071 1729 1107 1789 li-

175 1821 282 1881 bertas
295 1820 335 1880 ab
350 1820 455 1899 aliqua
473 1838 507 1880 ro
529 1840 535 1882 :
556 1822 589 1882 in
607 1840 681 1883 casu
701 1826 807 1884 nostro
827 1839 847 1882 a
864 1822 945 1884 laica
957 1822 1109 1902 jurisdic-

176 1919 260 1980 tione
289 1918 486 1998 privilegium
509 1918 568 1981 hoc
591 1919 796 1982 immunitatis
819 1921 953 1999 pertinet
975 1922 1041 1983 sive
1065 1921 1106 1983 ad

176 2031 326 2092 personas
340 2014 405 2075 sive
421 2012 461 2074 ad
475 2032 526 2075 ras
541 2015 767 2077 ecclesiasticas
789 2034 796 2075 ε
818 2015 901 2076 uude
922 2015 1010 2077 audit
1030 2015 1108 2077 Per-

175 2107 292 2186 sooclis,
309 2107 418 2186 lieolis,
442 2110 584 2171 nonnulli
606 2110 727 2170 addunt
745 2110 878 2186 Loculis;
892 2110 949 2171 sed
970 2110 1039 2173 haec
1060 2117 1107 2173 est

176 2204 297 2282 species
319 2205 424 2266 Realis
444 2205 659 2267 immunitatis.
683 2206 776 2267 Modo
797 2205 919 2285 agimus
940 2206 980 2268 de
999 2225 1106 2286 perso-

176 2300 251 2376 nali,
267 2318 322 2361 seu
337 2300 376 2362 de
392 2302 588 2381 exemptione
603 2319 672 2382 quae
688 2301 808 2364 clericis
822 2302 971 2380 competit
989 2320 1009 2363 a
1025 2302 1106 2364 laica

175 2400 340 2476 potestate.

216 2494 309 2574 Origo
325 2493 419 2573 hujus
434 2493 588 2574 privilegii
607 2493 639 2554 iu
658 2511 807 2574 magnam
824 2493 909 2554 cadit
927 2496 1120 2556 controver·

175 2587 253 2646 siam
267 2588 348 2649 inter
362 2589 525 2667 theologos
541 2595 573 2650 ct
587 2590 774 2652 canonistas.

215 2682 295 2741 Sunt
309 2683 362 2760 qui
376 2687 487 2761 putant
508 2702 580 2744 cum
602 2686 720 2746 Suarez
742 2685 774 2744 iu
796 2684 977 2747 defensione
997 2683 1105 2746 catho-

174 2775 242 2836 licae
256 2775 329 2836 fidei
344 2776 466 2858 dejure
482 2779 587 2840 divino
601 2779 834 2840 immunitatem
848 2781 929 2841 hanc
944 2778 1028 2842 oriri.
1045 2780 1103 2839 Po·

175 2871 498 2950 tissimum-opinionis
519 2892 584 2936 suae
606 2874 756 2935 auxilium
777 2893 832 2936 seu
854 2874 1036 2953 praesidium
1055 2892 1104 2935 re·

175 2967 270 3047 quirit
291 2968 324 3028 iu
346 2970 500 3031 constanti
521 2973 552 3031 et
573 2975 727 3050 perpetua
746 2969 924 3048 traditione,
950 2989 1020 3050 quae
1044 2988 1102 3031 nec

175 3063 352 3142 apostolicis
379 3063 625 3128 institutionibus
653 3065 747 3127 tribui
775 3066 883 3143 possit.
913 3067 1007 3145 Atqui
1031 3083 1102 3127 eam

175 3157 250 3220 dicit
270 3159 459 3240 intervenire
479 3159 511 3220 iu
532 3178 625 3234 casu;
650 3178 725 3240 ergo
747 3160 875 3224 deducit
897 3160 1029 3239 Prodere
1050 3159 1102 3238 jus

175 3252 326 3315 divinum.
343 3256 462 3316 Deinde
478 3261 511 3319 ut
529 3258 701 3341 praevouiat
719 3256 928 3336 objectionem
946 3275 1016 3338 quae
1035 3255 1103 3318 tieri

175 3354 280 3427 posset
294 3352 398 3429 quoad
413 3356 555 3432 tempora
569 3355 805 3433 persecutionis,
822 3355 984 3435 distinguit
994 3353 1047 3434 jus
1060 3355 1101 3416 ab

175 3443 243 3523 ejus
258 3447 403 3508 exercitio
421 3468 428 3510 :
445 3448 520 3511 dicit
532 3450 701 3528 specialem
721 3452 871 3529 temporis
889 3449 1102 3514 conditionem
