2504 4024
374 290 414 334 nn
435 289 563 336 oniroro
583 291 665 338 ronrs
687 291 842 340 errorum.
1014 283 1067 342 131

142 429 222 492 ses?
238 433 304 510 Ipse
326 449 389 494 non
407 433 503 496 debet
522 434 699 514 gubernare
721 435 863 497 homines
879 437 983 516 prouti
1003 455 1071 500 essa

69 597 74 604 ,
142 525 303 605 deberent,
320 528 376 589 sed
390 531 494 607 prouti
507 533 591 592 sunt.
609 532 687 592 Cum
701 548 764 592 non
779 532 878 609 possit
890 533 931 593 ad
950 534 1072 611 periec-

18 691 19 712 ζ
138 621 259 684 tionem
281 624 457 702 adducere,
487 629 577 687 ourat
600 643 620 686 a
642 625 840 704 pravioribus
863 627 953 687 malis
976 631 1073 690 eonti-

139 735 227 780 nere.

184 814 378 877 Assumendo
393 829 468 895 ergo
484 815 654 878 divortium
667 815 769 896 prouti
788 816 819 878 in
837 817 919 880 faoto
929 817 1071 906 positum

140 911 219 984 erat,
238 911 329 970 ourat
346 911 381 970 ut
398 909 501 969 rarius
519 910 584 985 flat,
601 913 633 972 et
650 909 695 969 ita
709 909 790 970 hano
804 928 871 971 rem
890 909 1073 972 moderatur

140 1006 178 1065 ut
189 1004 261 1066 tatis
275 1003 395 1066 indioet
408 1003 596 1066 matrimonii
610 1004 770 1066 vinonlum
784 1023 847 1066 non
862 1005 1000 1068 dissolvi.

182 1101 214 1160 d.
234 1101 463 1176 xx1v‚Deuter.
486 1119 493 1160 :
517 1098 557 1164 Si
572 1100 715 1179 occeperit
733 1100 816 1160 tomo
834 1119 955 1162 uxorem
973 1109 1001 1162 et
1018 1100 1072 1162 to-

140 1193 232 1254 buerit
250 1213 327 1268 eom,
351 1205 379 1254 et
400 1211 457 1254 rou
478 1193 620 1255 inuenerit
638 1195 767 1274 qratiam
789 1204 857 1256 oute
878 1195 974 1256 oeulos
994 1195 1070 1274 ejus,

136 1299 262 1370 propter
275 1290 405 1371 aliquam
418 1288 580 1368 foeditatem
600 1289 644 1370 (id
658 1295 707 1352 ast
717 1311 725 1352 :
736 1276 794 1353 Vel
809 1291 850 1352 ob
867 1290 1069 1369 adulterium,

136 1387 189 1447 vel
203 1387 244 1448 ob
263 1387 341 1448 alias
359 1403 483 1463 oausas,
499 1387 583 1448 unde
601 1387 752 1448 damnum
770 1385 852 1462 tiliis,
868 1386 918 1446 vel
933 1385 1070 1447 dodeous

136 1483 252 1545 marito
265 1486 372 1562 posset
386 1483 564 1556 imminore3
576 1483 621 1544 ita
634 1481 859 1557 communitam
876 1483 995 1544 malum
1010 1483 1070 1544 hoe

136 1597 201 1640 non
214 1583 340 1641 tantum
353 1577 530 1658 physi'oum,
546 1580 603 1640 sed
621 1578 740 1641 morale
759 1577 962 1659 intelligetur)
976 1600 983 1640 :
999 1579 1072 1639 scri-

138 1673 184 1734 tet
203 1673 331 1736 libellum
351 1673 478 1754 repudii,
498 1681 526 1735 et
542 1674 624 1735 dudit
644 1675 675 1735 in
693 1694 781 1735 manu
800 1675 879 1736 illius
895 1684 924 1735 et
943 1675 1073 1736 dimittet

135 1787 201 1828 eam
224 1768 366 1830 dedomo
392 1789 455 1830 suo.
486 1769 617 1850 Cumque
638 1789 751 1849 eqresoo
777 1772 901 1832 alterum
929 1771 1070 1831 moritum

135 1860 276 1934 duxerit,
299 1871 328 1922 et
345 1861 395 1923 ille
412 1880 526 1942 quoque
542 1861 638 1923 oderit
656 1880 736 1936 eum,
757 1861 926 1942 dederitque
944 1861 972 1922 ei
988 1861 1069 1923 oret-

136 1957 199 2016 lum
213 1957 342 2037 repudii,
359 1965 388 2018 et
401 1957 544 2019 dimiserit
556 1957 591 2018 de
605 1957 688 2018 domo
701 1977 763 2036 suo,
780 1959 827 2020 uel
846 1967 922 2020 certe
937 1967 1070 2019 mortuus

135 2051 239 2130 suerit,
261 2070 319 2112 nou
338 2052 447 2131 poterit
464 2053 549 2132 prior
568 2053 693 2114 maritus
713 2055 841 2134 recipere
861 2073 923 2116 eom
944 2055 975 2114 in
996 2072 1071 2114 uuo-

136 2165 198 2206 rem
207 2165 220 2223 ,·
232 2146 302 2226 quio
314 2147 426 2227 polluto
440 2156 522 2210 estet
535 2148 734 2211 abominabile
748 2151 827 2228 {uoto
841 2157 882 2211 est
894 2143 992 2211 o'orom
1007 2149 1068 2208 Do-

135 2245 240 2321 mino,·
263 2264 299 2306 ue
317 2264 438 2325 peceare
458 2245 551 2325 fuor'os
575 2256 682 2308 terrum
706 2255 786 2308 tuom
813 2266 900 2326 quum
928 2247 1070 2308 Dominus

135 2339 214 2402 Deus
229 2349 297 2400 tuus
310 2339 467 2403 tradiderit
482 2341 537 2402 tibi
546 2341 761 2421 possidendum.
892 2399 895 2405 .

32 2477 34 2484 -
138 2463 143 2474 ·
176 2436 292 2513 Levia,
307 2453 372 2513 xx1,
388 2441 424 2498 7:
442 2435 578 2497 Scortum
592 2447 619 2499 et
634 2439 691 2499 uile
701 2436 894 2518 prostibulum
911 2436 1070 2518 (sacerdo-

134 2530 195 2609 tes)
208 2549 268 2590 rou
281 2529 386 2592 ducent
399 2550 515 2610 oneres,
531 2551 582 2594 uer
595 2552 658 2594 eom
671 2551 738 2612 quor
750 2532 905 2614 repudiata
919 2541 962 2595 est
975 2552 994 2594 o
1009 2551 1068 2594 mo·

133 2625 204 2698 rito,
219 2625 289 2706 quio
304 2628 463 2688 consecrati
474 2639 541 2690 suut
554 2625 614 2689 Deo
629 2646 689 2690 suo.

257 2722 304 2781 Ex
318 2721 366 2783 his
381 2727 491 2800 patet:

177 2820 208 2877 1⁰
223 2815 275 2879 Uti
289 2817 436 2881 observat
449 2820 652 2898 Augustinus,
672 2821 757 2901 quod
776 2835 848 2884 ¹oum
862 2824 986 2902 Moyses
1005 2839 1068 2883 non

135 2911 299 2989 potuisset,
315 2911 356 2972 ob
375 2913 523 2976 duritiam
537 2915 751 2993 Haebreorum,
769 2917 916 2979 oohibaro
936 2916 1065 2991 malum,

134 3011 227 3066 eurat
245 3006 323 3067 illud
344 3011 505 3070 ooarotare
526 3026 587 3088 quo
606 3009 717 3070 melios
737 3015 851 3090 potest.
875 3011 945 3068 Huo
967 3008 1067 3068 tendit

134 3101 258 3162 libellus
270 3103 404 3180 repudii,
422 3104 475 3184 qui
494 3105 675 3184 inscriptis,
691 3123 798 3168 eoram
818 3104 995 3166 scribarum
1009 3121 1068 3164 nu-

134 3215 233 3275 mero,
249 3203 282 3262 et
291 3191 418 3262 'duobus
431 3199 563 3262 testibus
577 3201 809 3263 scribebatur...
827 3199 1067 3262 circumstantie

135 3310 244 3354 omnes
258 3313 329 3374 quae
343 3295 500 3373 fecissent,
516 3299 551 3357 ut
563 3297 596 3357 in
610 3301 688 3359 aestu
705 3295 759 3356 irae
779 3300 811 3359 et
827 3296 1065 3375 indignationis,

134 3386 191 3446 sed
205 3389 310 3450 animo
325 3394 436 3469 paoato
448 3395 479 3454 et
492 3392 606 3471 majori
620 3391 869 3454 consideratione
884 3389 1065 3467 secedente,

134 3481 303 3558 repudium
316 3483 473 3546 diffieilius
486 3475 586 3548 tieret.
669 3544 671 3548 ,
