<?xml version="1.0" encoding="UTF-8"?>
<!DOCTYPE html PUBLIC "-//W3C//DTD XHTML 1.0 Transitional//EN"
    "http://www.w3.org/TR/xhtml1/DTD/xhtml1-transitional.dtd">
<html xmlns="http://www.w3.org/1999/xhtml" xml:lang="en" lang="en">
 <head>
  <title>
</title>
<meta http-equiv="Content-Type" content="text/html;charset=utf-8" />
  <meta name='ocr-system' content='tesseract 3.04.00' />
  <meta name='ocr-capabilities' content='ocr_page ocr_carea ocr_par ocr_line ocrx_word'/>
</head>
<body>
  <div class='ocr_page' id='page_1' title='image "./institutionesju00marigoog_0206.png"; bbox 0 0 2548 4020; ppageno 0'>
   <div class='ocr_carea' id='block_1_1' title="bbox 398 311 1095 372">
    <p class='ocr_par' dir='ltr' id='par_1_1' title="bbox 398 311 1095 372">
     <span class='ocr_line' id='line_1_1' title="bbox 398 311 1095 372; baseline 0.007 -6"><span class='ocrx_word' id='word_1_1' title='bbox 398 322 436 368; x_wconf 82' lang='lat' dir='ltr'><strong>nu</strong></span> <span class='ocrx_word' id='word_1_2' title='bbox 459 322 586 370; x_wconf 77' lang='lat' dir='ltr'><strong>cornero</strong></span> <span class='ocrx_word' id='word_1_3' title='bbox 605 324 688 370; x_wconf 81' lang='lat' dir='ltr'><strong>runis</strong></span> <span class='ocrx_word' id='word_1_4' title='bbox 710 323 864 370; x_wconf 75' lang='lat' dir='ltr'><strong>carorum.</strong></span> <span class='ocrx_word' id='word_1_5' title='bbox 1038 311 1095 372; x_wconf 79' lang='lat' dir='ltr'><strong>roa</strong></span> 
     </span>
    </p>
   </div>
   <div class='ocr_carea' id='block_1_2' title="bbox 164 466 1094 644">
    <p class='ocr_par' dir='ltr' id='par_1_2' title="bbox 164 466 1094 644">
     <span class='ocr_line' id='line_1_2' title="bbox 164 466 1094 549; baseline 0.002 -21"><span class='ocrx_word' id='word_1_6' title='bbox 164 467 335 549; x_wconf 89' lang='lat' dir='ltr'><strong>quominus</strong></span> <span class='ocrx_word' id='word_1_7' title='bbox 353 466 386 527; x_wconf 93' lang='lat' dir='ltr'><strong>in</strong></span> <span class='ocrx_word' id='word_1_8' title='bbox 400 467 562 530; x_wconf 72' lang='lat' dir='ltr'>altioribus</span> <span class='ocrx_word' id='word_1_9' title='bbox 575 468 726 548; x_wconf 82' lang='lat' dir='ltr'><strong>gradibus</strong></span> <span class='ocrx_word' id='word_1_10' title='bbox 740 468 823 532; x_wconf 87' lang='lat' dir='ltr'><strong>licite</strong></span> <span class='ocrx_word' id='word_1_11' title='bbox 844 473 876 532; x_wconf 90' lang='lat' dir='ltr'><strong>et</strong></span> <span class='ocrx_word' id='word_1_12' title='bbox 896 470 1001 533; x_wconf 82' lang='lat' dir='ltr'><strong>valida</strong></span> <span class='ocrx_word' id='word_1_13' title='bbox 1022 487 1094 533; x_wconf 91' lang='lat' dir='ltr'><strong>cou-</strong></span> 
     </span>
     <span class='ocr_line' id='line_1_3' title="bbox 164 563 371 644; baseline 0 -19"><span class='ocrx_word' id='word_1_14' title='bbox 164 563 247 625; x_wconf 84' lang='lat' dir='ltr'><strong>trahi</strong></span> <span class='ocrx_word' id='word_1_15' title='bbox 262 563 371 644; x_wconf 89' lang='lat' dir='ltr'><strong>possit.</strong></span> 
     </span>
    </p>
   </div>
   <div class='ocr_carea' id='block_1_3' title="bbox 421 743 843 799">
    <p class='ocr_par' dir='ltr' id='par_1_3' title="bbox 421 743 843 799">
     <span class='ocr_line' id='line_1_4' title="bbox 421 743 843 799; baseline -0.005 -9"><span class='ocrx_word' id='word_1_16' title='bbox 421 747 455 790; x_wconf 80' lang='lat'><strong>³⁰.</strong></span> <span class='ocrx_word' id='word_1_17' title='bbox 465 743 499 787; x_wconf 85' lang='lat' dir='ltr'><strong>De</strong></span> <span class='ocrx_word' id='word_1_18' title='bbox 516 743 605 787; x_wconf 80' lang='lat' dir='ltr'><strong>Vincula</strong></span> <span class='ocrx_word' id='word_1_19' title='bbox 615 743 733 787; x_wconf 69' lang='lat' dir='ltr'><em>honestatis</em></span> <span class='ocrx_word' id='word_1_20' title='bbox 740 744 843 799; x_wconf 75' lang='lat' dir='ltr'><strong>publica.</strong></span> 
     </span>
    </p>
   </div>
   <div class='ocr_carea' id='block_1_4' title="bbox 159 870 1094 1621">
    <p class='ocr_par' dir='ltr' id='par_1_4' title="bbox 159 870 1094 1621">
     <span class='ocr_line' id='line_1_5' title="bbox 203 870 1093 950; baseline -0.003 -14"><span class='ocrx_word' id='word_1_21' title='bbox 203 874 343 936; x_wconf 82' lang='lat' dir='ltr'>XXXIV.</span> <span class='ocrx_word' id='word_1_22' title='bbox 361 870 467 933; x_wconf 83' lang='lat' dir='ltr'><strong>&#39;l&#39;ertia</strong></span> <span class='ocrx_word' id='word_1_23' title='bbox 480 871 601 949; x_wconf 87' lang='lat' dir='ltr'><strong>species</strong></span> <span class='ocrx_word' id='word_1_24' title='bbox 619 870 826 949; x_wconf 73' lang='lat' dir='ltr'><strong>proximitatis</strong></span> <span class='ocrx_word' id='word_1_25' title='bbox 850 870 949 932; x_wconf 89' lang='lat' dir='ltr'><strong>oritur</strong></span> <span class='ocrx_word' id='word_1_26' title='bbox 969 888 1005 931; x_wconf 83' lang='lat' dir='ltr'><strong>ex</strong></span> <span class='ocrx_word' id='word_1_27' title='bbox 1025 872 1093 950; x_wconf 91' lang='lat' dir='ltr'><strong>ipso</strong></span> 
     </span>
     <span class='ocr_line' id='line_1_6' title="bbox 163 969 1094 1048; baseline -0.005 -15"><span class='ocrx_word' id='word_1_28' title='bbox 163 973 327 1033; x_wconf 82' lang='lat' dir='ltr'><strong>contractu</strong></span> <span class='ocrx_word' id='word_1_29' title='bbox 351 969 592 1044; x_wconf 78' lang='lat' dir='ltr'><strong>matrimoniali,</strong></span> <span class='ocrx_word' id='word_1_30' title='bbox 618 969 867 1047; x_wconf 81' lang='lat' dir='ltr'><strong>independenter</strong></span> <span class='ocrx_word' id='word_1_31' title='bbox 891 971 922 1030; x_wconf 87' lang='lat' dir='ltr'><strong>et</strong></span> <span class='ocrx_word' id='word_1_32' title='bbox 943 969 1094 1048; x_wconf 82' lang='lat' dir='ltr'><strong>praescin·</strong></span> 
     </span>
     <span class='ocr_line' id='line_1_7' title="bbox 162 1061 1092 1144; baseline -0.006 -16"><span class='ocrx_word' id='word_1_33' title='bbox 162 1066 267 1128; x_wconf 91' lang='lat' dir='ltr'><strong>dendo</strong></span> <span class='ocrx_word' id='word_1_34' title='bbox 291 1085 311 1126; x_wconf 91' lang='lat' dir='ltr'><strong>a</strong></span> <span class='ocrx_word' id='word_1_35' title='bbox 333 1083 502 1144; x_wconf 87' lang='lat' dir='ltr'><strong>corporum</strong></span> <span class='ocrx_word' id='word_1_36' title='bbox 526 1065 761 1142; x_wconf 82' lang='lat' dir='ltr'><strong>commixtione,</strong></span> <span class='ocrx_word' id='word_1_37' title='bbox 788 1067 819 1126; x_wconf 89' lang='lat' dir='ltr'><strong>et</strong></span> <span class='ocrx_word' id='word_1_38' title='bbox 839 1063 953 1125; x_wconf 91' lang='lat' dir='ltr'><strong>dicitur</strong></span> <span class='ocrx_word' id='word_1_39' title='bbox 974 1061 1092 1143; x_wconf 76' lang='lat' dir='ltr'><strong>publica</strong></span> 
     </span>
     <span class='ocr_line' id='line_1_8' title="bbox 161 1158 1093 1241; baseline -0.002 -19"><span class='ocrx_word' id='word_1_40' title='bbox 161 1162 304 1238; x_wconf 80' lang='lat' dir='ltr'><strong>honestas,</strong></span> <span class='ocrx_word' id='word_1_41' title='bbox 330 1180 386 1222; x_wconf 91' lang='lat' dir='ltr'><strong>seu</strong></span> <span class='ocrx_word' id='word_1_42' title='bbox 406 1161 528 1241; x_wconf 88' lang='lat' dir='ltr'><strong>justitia</strong></span> <span class='ocrx_word' id='word_1_43' title='bbox 548 1161 682 1239; x_wconf 77' lang='lat' dir='ltr'><strong>publica</strong></span> <span class='ocrx_word' id='word_1_44' title='bbox 710 1160 893 1222; x_wconf 89' lang='lat' dir='ltr'><strong>honestatis.</strong></span> <span class='ocrx_word' id='word_1_45' title='bbox 917 1161 998 1220; x_wconf 88' lang='lat' dir='ltr'><strong>Nam</strong></span> <span class='ocrx_word' id='word_1_46' title='bbox 1020 1158 1093 1220; x_wconf 87' lang='lat' dir='ltr'><strong>licet</strong></span> 
     </span>
     <span class='ocr_line' id='line_1_9' title="bbox 161 1255 1093 1336; baseline 0.001 -19"><span class='ocrx_word' id='word_1_47' title='bbox 161 1255 324 1336; x_wconf 81' lang='lat' dir='ltr'><strong>conjugae,</strong></span> <span class='ocrx_word' id='word_1_48' title='bbox 337 1261 408 1318; x_wconf 91' lang='lat' dir='ltr'><strong>ante</strong></span> <span class='ocrx_word' id='word_1_49' title='bbox 423 1255 613 1317; x_wconf 85' lang='lat' dir='ltr'><strong>matrimonii</strong></span> <span class='ocrx_word' id='word_1_50' title='bbox 631 1256 933 1318; x_wconf 89' lang='lat' dir='ltr'><strong>consummationem</strong></span> <span class='ocrx_word' id='word_1_51' title='bbox 954 1272 1014 1316; x_wconf 92' lang='lat' dir='ltr'><strong>non</strong></span> <span class='ocrx_word' id='word_1_52' title='bbox 1032 1257 1093 1319; x_wconf 91' lang='lat' dir='ltr'><strong>sint</strong></span> 
     </span>
     <span class='ocr_line' id='line_1_10' title="bbox 161 1351 1092 1429; baseline 0 -16"><span class='ocrx_word' id='word_1_53' title='bbox 161 1352 225 1413; x_wconf 90' lang='lat' dir='ltr'><strong>duo</strong></span> <span class='ocrx_word' id='word_1_54' title='bbox 239 1352 271 1413; x_wconf 92' lang='lat' dir='ltr'><strong>in</strong></span> <span class='ocrx_word' id='word_1_55' title='bbox 282 1370 376 1413; x_wconf 89' lang='lat' dir='ltr'><strong>carne</strong></span> <span class='ocrx_word' id='word_1_56' title='bbox 388 1370 462 1429; x_wconf 89' lang='lat' dir='ltr'><strong>una,</strong></span> <span class='ocrx_word' id='word_1_57' title='bbox 474 1353 581 1414; x_wconf 89' lang='lat' dir='ltr'><strong>stricto</strong></span> <span class='ocrx_word' id='word_1_58' title='bbox 592 1371 698 1428; x_wconf 89' lang='lat' dir='ltr'><strong>sensu,</strong></span> <span class='ocrx_word' id='word_1_59' title='bbox 707 1356 813 1415; x_wconf 86' lang='lat' dir='ltr'><strong>tamen</strong></span> <span class='ocrx_word' id='word_1_60' title='bbox 821 1351 945 1412; x_wconf 88' lang='lat' dir='ltr'><strong>illorum</strong></span> <span class='ocrx_word' id='word_1_61' title='bbox 954 1355 1092 1414; x_wconf 87' lang='lat' dir='ltr'><strong>contrac-</strong></span> 
     </span>
     <span class='ocr_line' id='line_1_11' title="bbox 159 1446 1092 1526; baseline -0.003 -17"><span class='ocrx_word' id='word_1_62' title='bbox 159 1451 210 1509; x_wconf 90' lang='lat' dir='ltr'><strong>tus</strong></span> <span class='ocrx_word' id='word_1_63' title='bbox 225 1447 266 1508; x_wconf 88' lang='lat' dir='ltr'><strong>ad</strong></span> <span class='ocrx_word' id='word_1_64' title='bbox 281 1448 341 1509; x_wconf 92' lang='lat' dir='ltr'><strong>hoo</strong></span> <span class='ocrx_word' id='word_1_65' title='bbox 356 1447 517 1510; x_wconf 88' lang='lat' dir='ltr'><strong>ordinatus</strong></span> <span class='ocrx_word' id='word_1_66' title='bbox 532 1450 590 1524; x_wconf 89' lang='lat' dir='ltr'><strong>est,</strong></span> <span class='ocrx_word' id='word_1_67' title='bbox 606 1449 720 1526; x_wconf 87' lang='lat' dir='ltr'><strong>etipsa</strong></span> <span class='ocrx_word' id='word_1_68' title='bbox 738 1447 871 1508; x_wconf 88' lang='lat' dir='ltr'><strong>societas</strong></span> <span class='ocrx_word' id='word_1_69' title='bbox 891 1446 1092 1508; x_wconf 91' lang='lat' dir='ltr'><strong>indissolubi-</strong></span> 
     </span>
     <span class='ocr_line' id='line_1_12' title="bbox 159 1540 1091 1621; baseline 0 -20"><span class='ocrx_word' id='word_1_70' title='bbox 159 1540 198 1601; x_wconf 91' lang='lat' dir='ltr'><strong>lis</strong></span> <span class='ocrx_word' id='word_1_71' title='bbox 211 1540 295 1601; x_wconf 91' lang='lat' dir='ltr'><strong>iuter</strong></span> <span class='ocrx_word' id='word_1_72' title='bbox 313 1540 463 1620; x_wconf 85' lang='lat' dir='ltr'><strong>conjuges</strong></span> <span class='ocrx_word' id='word_1_73' title='bbox 481 1541 559 1603; x_wconf 89' lang='lat' dir='ltr'><strong>inita</strong></span> <span class='ocrx_word' id='word_1_74' title='bbox 578 1541 652 1603; x_wconf 87' lang='lat' dir='ltr'><strong>facit</strong></span> <span class='ocrx_word' id='word_1_75' title='bbox 666 1544 700 1602; x_wconf 90' lang='lat' dir='ltr'><strong>ut</strong></span> <span class='ocrx_word' id='word_1_76' title='bbox 713 1545 865 1621; x_wconf 79' lang='lat' dir='ltr'><strong>tanquam</strong></span> <span class='ocrx_word' id='word_1_77' title='bbox 879 1560 978 1602; x_wconf 91' lang='lat' dir='ltr'><strong>unum</strong></span> <span class='ocrx_word' id='word_1_78' title='bbox 993 1541 1091 1602; x_wconf 92' lang='lat' dir='ltr'><strong>consi·</strong></span> 
     </span>
    </p>
   </div>
   <div class='ocr_carea' id='block_1_5' title="bbox 160 1629 1192 1720">
    <p class='ocr_par' dir='ltr' id='par_1_5' title="bbox 160 1629 1192 1720">
     <span class='ocr_line' id='line_1_13' title="bbox 160 1629 1192 1720; baseline 0.002 -22"><span class='ocrx_word' id='word_1_79' title='bbox 160 1638 321 1714; x_wconf 83' lang='lat' dir='ltr'><strong>darentur,</strong></span> <span class='ocrx_word' id='word_1_80' title='bbox 338 1643 369 1698; x_wconf 89' lang='lat' dir='ltr'><strong>et</strong></span> <span class='ocrx_word' id='word_1_81' title='bbox 382 1656 440 1715; x_wconf 87' lang='lat' dir='ltr'><strong>per</strong></span> <span class='ocrx_word' id='word_1_82' title='bbox 453 1656 650 1719; x_wconf 82' lang='lat' dir='ltr'><strong>consequeus</strong></span> <span class='ocrx_word' id='word_1_83' title='bbox 664 1639 704 1700; x_wconf 92' lang='lat' dir='ltr'><strong>ab</strong></span> <span class='ocrx_word' id='word_1_84' title='bbox 718 1638 795 1701; x_wconf 88' lang='lat' dir='ltr'><strong>inito</strong></span> <span class='ocrx_word' id='word_1_85' title='bbox 811 1639 958 1720; x_wconf 83' lang='lat' dir='ltr'><strong>conjugio</strong></span> <span class='ocrx_word' id='word_1_86' title='bbox 974 1645 1005 1700; x_wconf 89' lang='lat' dir='ltr'><strong>et</strong></span> <span class='ocrx_word' id='word_1_87' title='bbox 1019 1645 1091 1702; x_wconf 87' lang='lat' dir='ltr'><strong>ante</strong></span> <span class='ocrx_word' id='word_1_88' title='bbox 1191 1629 1192 1634; x_wconf 33' lang='lat'>¹</span> 
     </span>
    </p>
   </div>
   <div class='ocr_carea' id='block_1_6' title="bbox 157 1734 1092 1910">
    <p class='ocr_par' dir='ltr' id='par_1_6' title="bbox 157 1734 1092 1910">
     <span class='ocr_line' id='line_1_14' title="bbox 159 1734 1092 1814; baseline 0.002 -20"><span class='ocrx_word' id='word_1_89' title='bbox 159 1734 473 1809; x_wconf 82' lang='lat' dir='ltr'><strong>consummationem,</strong></span> <span class='ocrx_word' id='word_1_90' title='bbox 489 1752 570 1794; x_wconf 90' lang='lat' dir='ltr'><strong>unus</strong></span> <span class='ocrx_word' id='word_1_91' title='bbox 585 1734 700 1814; x_wconf 88' lang='lat' dir='ltr'><strong>conjux</strong></span> <span class='ocrx_word' id='word_1_92' title='bbox 714 1735 803 1814; x_wconf 89' lang='lat' dir='ltr'><strong>quasi</strong></span> <span class='ocrx_word' id='word_1_93' title='bbox 817 1735 976 1797; x_wconf 86' lang='lat' dir='ltr'><strong>affinitatis</strong></span> <span class='ocrx_word' id='word_1_94' title='bbox 991 1735 1092 1813; x_wconf 90' lang='lat' dir='ltr'><strong>speci·</strong></span> 
     </span>
     <span class='ocr_line' id='line_1_15' title="bbox 157 1828 1091 1910; baseline 0.002 -22"><span class='ocrx_word' id='word_1_95' title='bbox 157 1847 231 1889; x_wconf 89' lang='lat' dir='ltr'><strong>meu</strong></span> <span class='ocrx_word' id='word_1_96' title='bbox 250 1828 415 1890; x_wconf 81' lang='lat' dir='ltr'><strong>contrahat</strong></span> <span class='ocrx_word' id='word_1_97' title='bbox 436 1847 507 1890; x_wconf 90' lang='lat' dir='ltr'><strong>oum</strong></span> <span class='ocrx_word' id='word_1_98' title='bbox 526 1829 653 1890; x_wconf 88' lang='lat' dir='ltr'><strong>alterius</strong></span> <span class='ocrx_word' id='word_1_99' title='bbox 676 1832 935 1910; x_wconf 80' lang='lat' dir='ltr'><strong>consanguineis3</strong></span> <span class='ocrx_word' id='word_1_100' title='bbox 956 1831 1040 1891; x_wconf 91' lang='lat' dir='ltr'><strong>unde</strong></span> <span class='ocrx_word' id='word_1_101' title='bbox 1059 1835 1091 1892; x_wconf 85' lang='lat' dir='ltr'><strong>et</strong></span> 
     </span>
    </p>
   </div>
   <div class='ocr_carea' id='block_1_7' title="bbox 55 1924 1091 2016">
    <p class='ocr_par' dir='ltr' id='par_1_7' title="bbox 55 1924 1091 2016">
     <span class='ocr_line' id='line_1_16' title="bbox 55 1924 1091 2016; baseline 0.003 -32"><span class='ocrx_word' id='word_1_102' title='bbox 55 2007 57 2012; x_wconf 23' lang='grc' dir='ltr'>Ι</span> <span class='ocrx_word' id='word_1_103' title='bbox 158 1924 288 1986; x_wconf 86' lang='lat' dir='ltr'><strong>nomina</strong></span> <span class='ocrx_word' id='word_1_104' title='bbox 306 1925 418 2016; x_wconf 82' lang='lat' dir='ltr'><strong>soceri,</strong></span> <span class='ocrx_word' id='word_1_105' title='bbox 443 1928 473 1986; x_wconf 90' lang='lat' dir='ltr'><strong>et</strong></span> <span class='ocrx_word' id='word_1_106' title='bbox 494 1943 614 2002; x_wconf 87' lang='lat' dir='ltr'><strong>socrus,</strong></span> <span class='ocrx_word' id='word_1_107' title='bbox 637 1925 745 2005; x_wconf 80' lang='lat' dir='ltr'><strong>generi</strong></span> <span class='ocrx_word' id='word_1_108' title='bbox 767 1930 927 2002; x_wconf 86' lang='lat' dir='ltr'><strong>staurus,</strong></span> <span class='ocrx_word' id='word_1_109' title='bbox 949 1926 1039 1987; x_wconf 84' lang='lat' dir='ltr'><strong>leviri</strong></span> <span class='ocrx_word' id='word_1_110' title='bbox 1059 1933 1091 1987; x_wconf 90' lang='lat' dir='ltr'><strong>et</strong></span> 
     </span>
    </p>
   </div>
   <div class='ocr_carea' id='block_1_8' title="bbox 153 2021 1091 3626">
    <p class='ocr_par' dir='ltr' id='par_1_8' title="bbox 157 2021 1091 2292">
     <span class='ocr_line' id='line_1_17' title="bbox 157 2021 1091 2102; baseline 0 -20"><span class='ocrx_word' id='word_1_111' title='bbox 157 2022 274 2100; x_wconf 83' lang='lat' dir='ltr'><strong>gloria,</strong></span> <span class='ocrx_word' id='word_1_112' title='bbox 297 2021 400 2082; x_wconf 89' lang='lat' dir='ltr'><strong>vitrici</strong></span> <span class='ocrx_word' id='word_1_113' title='bbox 423 2025 455 2083; x_wconf 88' lang='lat' dir='ltr'><strong>et</strong></span> <span class='ocrx_word' id='word_1_114' title='bbox 477 2039 633 2097; x_wconf 83' lang='lat' dir='ltr'><strong>novercae,</strong></span> <span class='ocrx_word' id='word_1_115' title='bbox 659 2022 794 2102; x_wconf 82' lang='lat' dir='ltr'><strong>privigni</strong></span> <span class='ocrx_word' id='word_1_116' title='bbox 809 2028 841 2084; x_wconf 90' lang='lat' dir='ltr'><strong>et</strong></span> <span class='ocrx_word' id='word_1_117' title='bbox 861 2023 1025 2102; x_wconf 74' lang='lat' dir='ltr'><strong>privignas,</strong></span> <span class='ocrx_word' id='word_1_118' title='bbox 1052 2042 1091 2084; x_wconf 83' lang='lat' dir='ltr'><strong>ex</strong></span> 
     </span>
     <span class='ocr_line' id='line_1_18' title="bbox 157 2116 1090 2196; baseline 0.003 -20"><span class='ocrx_word' id='word_1_119' title='bbox 157 2121 233 2177; x_wconf 91' lang='lat' dir='ltr'><strong>tunc</strong></span> <span class='ocrx_word' id='word_1_120' title='bbox 248 2116 350 2179; x_wconf 90' lang='lat' dir='ltr'><strong>solent</strong></span> <span class='ocrx_word' id='word_1_121' title='bbox 364 2117 518 2179; x_wconf 88' lang='lat' dir='ltr'><strong>adhiberi.</strong></span> <span class='ocrx_word' id='word_1_122' title='bbox 536 2119 610 2178; x_wconf 86' lang='lat' dir='ltr'><strong>llaeo</strong></span> <span class='ocrx_word' id='word_1_123' title='bbox 624 2116 841 2196; x_wconf 82' lang='lat' dir='ltr'><strong>propinquitas</strong></span> <span class='ocrx_word' id='word_1_124' title='bbox 851 2135 914 2179; x_wconf 88' lang='lat' dir='ltr'><strong>non</strong></span> <span class='ocrx_word' id='word_1_125' title='bbox 924 2119 1025 2196; x_wconf 88' lang='lat' dir='ltr'><strong>potuit</strong></span> <span class='ocrx_word' id='word_1_126' title='bbox 1034 2135 1090 2179; x_wconf 91' lang='lat' dir='ltr'><strong>vo-</strong></span> 
     </span>
     <span class='ocr_line' id='line_1_19' title="bbox 158 2211 957 2292; baseline 0 -20"><span class='ocrx_word' id='word_1_127' title='bbox 158 2211 222 2272; x_wconf 88' lang='lat' dir='ltr'><strong>cari</strong></span> <span class='ocrx_word' id='word_1_128' title='bbox 238 2211 384 2288; x_wconf 88' lang='lat' dir='ltr'><strong>affinitas,</strong></span> <span class='ocrx_word' id='word_1_129' title='bbox 401 2213 456 2273; x_wconf 91' lang='lat' dir='ltr'><strong>sed</strong></span> <span class='ocrx_word' id='word_1_130' title='bbox 471 2213 597 2292; x_wconf 87' lang='lat' dir='ltr'><strong>publica</strong></span> <span class='ocrx_word' id='word_1_131' title='bbox 611 2213 760 2273; x_wconf 87' lang='lat' dir='ltr'><strong>honestas</strong></span> <span class='ocrx_word' id='word_1_132' title='bbox 774 2216 886 2272; x_wconf 84' lang='lat' dir='ltr'><strong>vocata</strong></span> <span class='ocrx_word' id='word_1_133' title='bbox 900 2215 957 2272; x_wconf 90' lang='lat' dir='ltr'><strong>est.</strong></span> 
     </span>
    </p>

    <p class='ocr_par' dir='ltr' id='par_1_9' title="bbox 153 2305 1090 3035">
     <span class='ocr_line' id='line_1_20' title="bbox 197 2305 1090 2388; baseline 0.003 -23"><span class='ocrx_word' id='word_1_134' title='bbox 197 2307 254 2367; x_wconf 80' lang='lat' dir='ltr'><strong>list</strong></span> <span class='ocrx_word' id='word_1_135' title='bbox 269 2309 299 2368; x_wconf 88' lang='lat' dir='ltr'><strong>et</strong></span> <span class='ocrx_word' id='word_1_136' title='bbox 313 2305 375 2368; x_wconf 86' lang='lat' dir='ltr'><strong>alia</strong></span> <span class='ocrx_word' id='word_1_137' title='bbox 390 2308 510 2387; x_wconf 88' lang='lat' dir='ltr'><strong>species</strong></span> <span class='ocrx_word' id='word_1_138' title='bbox 530 2325 598 2388; x_wconf 84' lang='lat' dir='ltr'><strong>quae</strong></span> <span class='ocrx_word' id='word_1_139' title='bbox 622 2308 721 2369; x_wconf 87' lang='lat' dir='ltr'><strong>oritur</strong></span> <span class='ocrx_word' id='word_1_140' title='bbox 742 2325 779 2367; x_wconf 88' lang='lat' dir='ltr'><strong>ex</strong></span> <span class='ocrx_word' id='word_1_141' title='bbox 801 2306 998 2384; x_wconf 84' lang='lat' dir='ltr'><strong>sponsalibus</strong></span> <span class='ocrx_word' id='word_1_142' title='bbox 1016 2308 1090 2368; x_wconf 88' lang='lat' dir='ltr'><strong>vali-</strong></span> 
     </span>
     <span class='ocr_line' id='line_1_21' title="bbox 157 2401 1090 2483; baseline 0.001 -22"><span class='ocrx_word' id='word_1_143' title='bbox 157 2401 216 2462; x_wconf 91' lang='lat' dir='ltr'><strong>dis.</strong></span> <span class='ocrx_word' id='word_1_144' title='bbox 232 2402 320 2463; x_wconf 89' lang='lat' dir='ltr'><strong>Licet</strong></span> <span class='ocrx_word' id='word_1_145' title='bbox 341 2402 424 2463; x_wconf 88' lang='lat' dir='ltr'><strong>euim</strong></span> <span class='ocrx_word' id='word_1_146' title='bbox 444 2404 603 2483; x_wconf 87' lang='lat' dir='ltr'><strong>sponsalia</strong></span> <span class='ocrx_word' id='word_1_147' title='bbox 625 2403 860 2464; x_wconf 88' lang='lat' dir='ltr'><strong>matrimonium</strong></span> <span class='ocrx_word' id='word_1_148' title='bbox 881 2419 944 2462; x_wconf 90' lang='lat' dir='ltr'><strong>nou</strong></span> <span class='ocrx_word' id='word_1_149' title='bbox 965 2402 1037 2477; x_wconf 88' lang='lat' dir='ltr'><strong>sint,</strong></span> <span class='ocrx_word' id='word_1_150' title='bbox 1059 2409 1090 2463; x_wconf 89' lang='lat' dir='ltr'><strong>et</strong></span> 
     </span>
     <span class='ocr_line' id='line_1_22' title="bbox 158 2496 1088 2577; baseline 0.002 -23"><span class='ocrx_word' id='word_1_151' title='bbox 158 2499 328 2574; x_wconf 87' lang='lat' dir='ltr'><strong>propterea</strong></span> <span class='ocrx_word' id='word_1_152' title='bbox 342 2514 405 2557; x_wconf 91' lang='lat' dir='ltr'><strong>non</strong></span> <span class='ocrx_word' id='word_1_153' title='bbox 420 2497 540 2575; x_wconf 86' lang='lat' dir='ltr'><strong>possint</strong></span> <span class='ocrx_word' id='word_1_154' title='bbox 554 2497 740 2577; x_wconf 74' lang='lat' dir='ltr'><strong>aequiparari</strong></span> <span class='ocrx_word' id='word_1_155' title='bbox 756 2496 1028 2558; x_wconf 88' lang='lat' dir='ltr'><strong>matrimonio&#39;nac</strong></span> <span class='ocrx_word' id='word_1_156' title='bbox 1045 2496 1088 2557; x_wconf 92' lang='lat' dir='ltr'><strong>illi</strong></span> 
     </span>
     <span class='ocr_line' id='line_1_23' title="bbox 157 2587 1089 2667; baseline 0.005 -20"><span class='ocrx_word' id='word_1_157' title='bbox 157 2587 243 2667; x_wconf 93' lang='lat' dir='ltr'><strong>quod</strong></span> <span class='ocrx_word' id='word_1_158' title='bbox 270 2588 373 2650; x_wconf 82' lang='lat' dir='ltr'><strong>adhuc</strong></span> <span class='ocrx_word' id='word_1_159' title='bbox 402 2607 465 2652; x_wconf 90' lang='lat' dir='ltr'><strong>nou</strong></span> <span class='ocrx_word' id='word_1_160' title='bbox 493 2595 745 2652; x_wconf 88' lang='lat' dir='ltr'><strong>consummatum</strong></span> <span class='ocrx_word' id='word_1_161' title='bbox 775 2595 842 2667; x_wconf 87' lang='lat' dir='ltr'><strong>est,</strong></span> <span class='ocrx_word' id='word_1_162' title='bbox 872 2596 1089 2654; x_wconf 87' lang='lat' dir='ltr'><strong>verumtamen</strong></span> 
     </span>
     <span class='ocr_line' id='line_1_24' title="bbox 155 2686 1090 2768; baseline 0.01 -27"><span class='ocrx_word' id='word_1_163' title='bbox 155 2701 273 2761; x_wconf 90' lang='lat' dir='ltr'><strong>sponsa</strong></span> <span class='ocrx_word' id='word_1_164' title='bbox 287 2690 334 2744; x_wconf 88' lang='lat' dir='ltr'><strong>est</strong></span> <span class='ocrx_word' id='word_1_165' title='bbox 347 2686 438 2764; x_wconf 89' lang='lat' dir='ltr'><strong>quasi</strong></span> <span class='ocrx_word' id='word_1_166' title='bbox 451 2703 541 2762; x_wconf 84' lang='lat' dir='ltr'><strong>uxor,</strong></span> <span class='ocrx_word' id='word_1_167' title='bbox 565 2705 697 2765; x_wconf 89' lang='lat' dir='ltr'><strong>sponsus</strong></span> <span class='ocrx_word' id='word_1_168' title='bbox 719 2688 808 2768; x_wconf 89' lang='lat' dir='ltr'><strong>quasi</strong></span> <span class='ocrx_word' id='word_1_169' title='bbox 829 2689 972 2766; x_wconf 73' lang='lat' dir='ltr'><strong>marituS,</strong></span> <span class='ocrx_word' id='word_1_170' title='bbox 995 2688 1040 2750; x_wconf 88' lang='lat' dir='ltr'><strong>ita</strong></span> <span class='ocrx_word' id='word_1_171' title='bbox 1059 2692 1090 2750; x_wconf 91' lang='lat' dir='ltr'><strong>et</strong></span> 
     </span>
     <span class='ocr_line' id='line_1_25' title="bbox 155 2780 1089 2864; baseline 0.005 -25"><span class='ocrx_word' id='word_1_172' title='bbox 155 2780 380 2859; x_wconf 83' lang='lat' dir='ltr'><strong>consanguinei</strong></span> <span class='ocrx_word' id='word_1_173' title='bbox 401 2782 493 2841; x_wconf 92' lang='lat' dir='ltr'><strong>unius</strong></span> <span class='ocrx_word' id='word_1_174' title='bbox 515 2782 613 2860; x_wconf 87' lang='lat' dir='ltr'><strong>partis</strong></span> <span class='ocrx_word' id='word_1_175' title='bbox 632 2783 802 2861; x_wconf 87' lang='lat' dir='ltr'><strong>quamdam</strong></span> <span class='ocrx_word' id='word_1_176' title='bbox 821 2783 1089 2864; x_wconf 87' lang='lat' dir='ltr'><strong>propinquitatem</strong></span> 
     </span>
     <span class='ocr_line' id='line_1_26' title="bbox 156 2876 1088 2957; baseline 0.008 -22"><span class='ocrx_word' id='word_1_177' title='bbox 156 2876 343 2937; x_wconf 84' lang='lat' dir='ltr'><strong>contrahere</strong></span> <span class='ocrx_word' id='word_1_178' title='bbox 358 2877 505 2937; x_wconf 90' lang='lat' dir='ltr'><strong>videntur</strong></span> <span class='ocrx_word' id='word_1_179' title='bbox 519 2895 591 2937; x_wconf 90' lang='lat' dir='ltr'><strong>cum</strong></span> <span class='ocrx_word' id='word_1_180' title='bbox 606 2878 706 2939; x_wconf 89' lang='lat' dir='ltr'><strong>altera</strong></span> <span class='ocrx_word' id='word_1_181' title='bbox 719 2882 819 2957; x_wconf 88' lang='lat' dir='ltr'><strong>parte,</strong></span> <span class='ocrx_word' id='word_1_182' title='bbox 836 2881 908 2941; x_wconf 89' lang='lat' dir='ltr'><strong>licet</strong></span> <span class='ocrx_word' id='word_1_183' title='bbox 922 2881 1026 2942; x_wconf 87' lang='lat' dir='ltr'><strong>adhuc</strong></span> <span class='ocrx_word' id='word_1_184' title='bbox 1040 2898 1088 2942; x_wconf 89' lang='lat' dir='ltr'><strong>oe·</strong></span> 
     </span>
     <span class='ocr_line' id='line_1_27' title="bbox 153 2970 725 3035; baseline 0.007 -5"><span class='ocrx_word' id='word_1_185' title='bbox 153 2970 287 3032; x_wconf 89' lang='lat' dir='ltr'><strong>lebratio</strong></span> <span class='ocrx_word' id='word_1_186' title='bbox 301 2972 492 3035; x_wconf 87' lang='lat' dir='ltr'><strong>matrimonii</strong></span> <span class='ocrx_word' id='word_1_187' title='bbox 506 2973 583 3034; x_wconf 89' lang='lat' dir='ltr'><strong>inita</strong></span> <span class='ocrx_word' id='word_1_188' title='bbox 598 2991 660 3034; x_wconf 92' lang='lat' dir='ltr'><strong>uon</strong></span> <span class='ocrx_word' id='word_1_189' title='bbox 675 2975 725 3034; x_wconf 86' lang='lat' dir='ltr'><strong>sit.</strong></span> 
     </span>
    </p>

    <p class='ocr_par' dir='ltr' id='par_1_10' title="bbox 153 3069 1089 3626">
     <span class='ocr_line' id='line_1_28' title="bbox 194 3069 1088 3150; baseline 0.003 -22"><span class='ocrx_word' id='word_1_190' title='bbox 194 3069 270 3128; x_wconf 76' lang='lat' dir='ltr'><strong>Haec</strong></span> <span class='ocrx_word' id='word_1_191' title='bbox 288 3069 507 3148; x_wconf 89' lang='lat' dir='ltr'><strong>propinquitas</strong></span> <span class='ocrx_word' id='word_1_192' title='bbox 530 3069 701 3130; x_wconf 90' lang='lat' dir='ltr'><strong>admodum</strong></span> <span class='ocrx_word' id='word_1_193' title='bbox 725 3069 834 3130; x_wconf 90' lang='lat' dir='ltr'><strong>similis</strong></span> <span class='ocrx_word' id='word_1_194' title='bbox 858 3074 905 3131; x_wconf 89' lang='lat' dir='ltr'><strong>est</strong></span> <span class='ocrx_word' id='word_1_195' title='bbox 924 3070 969 3132; x_wconf 93' lang='lat' dir='ltr'><strong>illi</strong></span> <span class='ocrx_word' id='word_1_196' title='bbox 992 3089 1088 3150; x_wconf 89' lang='lat' dir='ltr'><strong>quam</strong></span> 
     </span>
     <span class='ocr_line' id='line_1_29' title="bbox 153 3162 1089 3244; baseline 0.005 -22"><span class='ocrx_word' id='word_1_197' title='bbox 153 3162 315 3240; x_wconf 88' lang='lat' dir='ltr'><strong>publicam</strong></span> <span class='ocrx_word' id='word_1_198' title='bbox 329 3164 526 3226; x_wconf 90' lang='lat' dir='ltr'><strong>honestatem</strong></span> <span class='ocrx_word' id='word_1_199' title='bbox 539 3165 687 3240; x_wconf 87' lang='lat' dir='ltr'><strong>diximus,</strong></span> <span class='ocrx_word' id='word_1_200' title='bbox 712 3170 743 3226; x_wconf 88' lang='lat' dir='ltr'><strong>at</strong></span> <span class='ocrx_word' id='word_1_201' title='bbox 763 3169 931 3244; x_wconf 87' lang='lat' dir='ltr'><strong>propterea</strong></span> <span class='ocrx_word' id='word_1_202' title='bbox 951 3166 1009 3227; x_wconf 92' lang='lat' dir='ltr'><strong>suh</strong></span> <span class='ocrx_word' id='word_1_203' title='bbox 1032 3183 1089 3227; x_wconf 92' lang='lat' dir='ltr'><strong>uo-</strong></span> 
     </span>
     <span class='ocr_line' id='line_1_30' title="bbox 153 3256 1087 3336; baseline 0.007 -20"><span class='ocrx_word' id='word_1_204' title='bbox 153 3256 238 3318; x_wconf 89' lang='lat' dir='ltr'><strong>miue</strong></span> <span class='ocrx_word' id='word_1_205' title='bbox 253 3258 387 3336; x_wconf 85' lang='lat' dir='ltr'><strong>publicae</strong></span> <span class='ocrx_word' id='word_1_206' title='bbox 404 3258 574 3321; x_wconf 87' lang='lat' dir='ltr'><strong>honestatis</strong></span> <span class='ocrx_word' id='word_1_207' title='bbox 594 3260 689 3320; x_wconf 85' lang='lat' dir='ltr'><strong>venit.</strong></span> <span class='ocrx_word' id='word_1_208' title='bbox 714 3261 832 3321; x_wconf 85' lang='lat' dir='ltr'><strong>Varum</strong></span> <span class='ocrx_word' id='word_1_209' title='bbox 856 3277 919 3320; x_wconf 89' lang='lat' dir='ltr'><strong>uon</strong></span> <span class='ocrx_word' id='word_1_210' title='bbox 940 3278 1029 3322; x_wconf 90' lang='lat' dir='ltr'><strong>secus</strong></span> <span class='ocrx_word' id='word_1_211' title='bbox 1050 3281 1087 3323; x_wconf 88' lang='lat' dir='ltr'><strong>ac</strong></span> 
     </span>
     <span class='ocr_line' id='line_1_31' title="bbox 154 3352 1087 3431; baseline 0.008 -20"><span class='ocrx_word' id='word_1_212' title='bbox 154 3352 311 3415; x_wconf 84' lang='lat' dir='ltr'><strong>affinitas:</strong></span> <span class='ocrx_word' id='word_1_213' title='bbox 328 3355 401 3415; x_wconf 89' lang='lat' dir='ltr'><strong>licet</strong></span> <span class='ocrx_word' id='word_1_214' title='bbox 415 3373 452 3414; x_wconf 85' lang='lat' dir='ltr'><strong>ex</strong></span> <span class='ocrx_word' id='word_1_215' title='bbox 467 3355 576 3416; x_wconf 87' lang='lat' dir='ltr'><strong>illicita</strong></span> <span class='ocrx_word' id='word_1_216' title='bbox 590 3354 704 3431; x_wconf 89' lang='lat' dir='ltr'><strong>copula</strong></span> <span class='ocrx_word' id='word_1_217' title='bbox 719 3359 798 3431; x_wconf 88' lang='lat' dir='ltr'><strong>orta,</strong></span> <span class='ocrx_word' id='word_1_218' title='bbox 811 3355 851 3415; x_wconf 90' lang='lat' dir='ltr'><strong>sit</strong></span> <span class='ocrx_word' id='word_1_219' title='bbox 865 3356 973 3419; x_wconf 88' lang='lat' dir='ltr'><strong>similis</strong></span> <span class='ocrx_word' id='word_1_220' title='bbox 987 3357 1087 3418; x_wconf 87' lang='lat' dir='ltr'><strong>affini-</strong></span> 
     </span>
     <span class='ocr_line' id='line_1_32' title="bbox 154 3449 1084 3530; baseline 0.001 -20"><span class='ocrx_word' id='word_1_221' title='bbox 154 3449 211 3512; x_wconf 82' lang='lat' dir='ltr'><strong>tati</strong></span> <span class='ocrx_word' id='word_1_222' title='bbox 239 3467 278 3510; x_wconf 87' lang='lat' dir='ltr'><strong>ex</strong></span> <span class='ocrx_word' id='word_1_223' title='bbox 299 3450 413 3529; x_wconf 88' lang='lat' dir='ltr'><strong>copula</strong></span> <span class='ocrx_word' id='word_1_224' title='bbox 433 3450 590 3530; x_wconf 85' lang='lat' dir='ltr'><strong>conjugali</strong></span> <span class='ocrx_word' id='word_1_225' title='bbox 611 3449 807 3528; x_wconf 87' lang='lat' dir='ltr'><strong>proindeque</strong></span> <span class='ocrx_word' id='word_1_226' title='bbox 828 3449 914 3512; x_wconf 85' lang='lat' dir='ltr'><strong>illam</strong></span> <span class='ocrx_word' id='word_1_227' title='bbox 934 3453 1084 3529; x_wconf 83' lang='lat' dir='ltr'><strong>imitetur,</strong></span> 
     </span>
     <span class='ocr_line' id='line_1_33' title="bbox 154 3545 1013 3626; baseline 0.007 -24"><span class='ocrx_word' id='word_1_228' title='bbox 154 3561 218 3604; x_wconf 91' lang='lat' dir='ltr'><strong>non</strong></span> <span class='ocrx_word' id='word_1_229' title='bbox 232 3549 336 3624; x_wconf 89' lang='lat' dir='ltr'><strong>potest</strong></span> <span class='ocrx_word' id='word_1_230' title='bbox 349 3549 454 3608; x_wconf 83' lang='lat' dir='ltr'><strong>tamen</strong></span> <span class='ocrx_word' id='word_1_231' title='bbox 467 3545 514 3608; x_wconf 92' lang='lat' dir='ltr'><strong>illi</strong></span> <span class='ocrx_word' id='word_1_232' title='bbox 526 3545 726 3626; x_wconf 85' lang='lat' dir='ltr'><strong>aequiparari,</strong></span> <span class='ocrx_word' id='word_1_233' title='bbox 742 3547 787 3608; x_wconf 90' lang='lat' dir='ltr'><strong>ita</strong></span> <span class='ocrx_word' id='word_1_234' title='bbox 801 3546 832 3608; x_wconf 91' lang='lat' dir='ltr'><strong>iu</strong></span> <span class='ocrx_word' id='word_1_235' title='bbox 848 3566 881 3608; x_wconf 87' lang='lat' dir='ltr'><strong>ro</strong></span> <span class='ocrx_word' id='word_1_236' title='bbox 896 3553 1013 3612; x_wconf 89' lang='lat' dir='ltr'><strong>nostra.</strong></span> 
     </span>
    </p>
   </div>
   <div class='ocr_carea' id='block_1_9' title="bbox 0 0 1278 4020">
    <p class='ocr_par' dir='ltr' id='par_1_11' title="bbox 0 0 1278 4020">
     <span class='ocr_line' id='line_1_34' title="bbox 0 0 1278 4020; baseline 0 3"><span class='ocrx_word' id='word_1_237' title='bbox 0 0 1278 4020; x_wconf 95' lang='lat' dir='ltr'><strong> </strong></span> 
     </span>
    </p>
   </div>
  </div>
 </body>
</html>
