2504 4024
359 293 398 336 nn
419 289 549 337 caruero
568 289 651 336 rums
672 289 826 338 ιιιιοιιιιι.
999 279 1057 360 {03

168 443 284 503 Verum
298 436 340 498 ob
354 435 401 497 rei
416 431 594 512 analogiam
607 432 725 511 placuit
737 432 884 496 Ecclesia
903 451 961 514 per
979 433 1057 497 ritus

125 523 369 604 sacramentales
392 529 434 590 ad
461 528 529 590 haec
553 527 728 588 ministeria
748 528 950 606 inaugurare.
968 531 1057 592 Sicut

127 633 210 696 illius
243 632 312 691 erat
346 624 557 687 determinare
592 625 624 684 et
643 621 805 685 instituere
832 621 917 684 hunc
947 625 1054 700 ritum,

125 728 171 789 ita
186 730 215 788 et
227 722 402 796 concedere
417 719 468 781 cui
487 717 583 780 vellet
601 716 685 778 illius
707 717 904 779 ministrandi
925 717 1057 781 faculta-

125 827 203 896 tem,
219 818 346 900 quando
361 818 394 878 et
406 815 473 876 sive
494 813 556 874 hoc
576 812 638 874 ritu
659 814 793 891 poterat,
818 813 898 878 sicut
917 813 995 874 alios
1015 814 1056 874 ad

127 918 197 978 haec
213 911 390 975 ministeria
409 908 545 972 admittit
568 925 631 968 non
651 907 822 971 ordinatos.
845 911 891 970 Ex
911 909 1056 989 analogia

126 1027 196 1089 qua
210 1004 393 1085 requirebat
405 1005 441 1064 ιιι
453 1001 506 1062 ille
520 1002 604 1061 esset
617 1001 973 1082 sacramentalium‚'qui
988 1006 1056 1065 erat

127 1104 396 1165 sacramentorum
412 1095 556 1158 minister
578 1112 586 1156 t
607 1097 794 1160 sacramenti
812 1099 919 1159 autem
937 1097 1055 1158 ordinis

126 1198 266 1260 minister
281 1200 329 1256 est
343 1194 508 1272 episcopus
530 1211 538 1252 ε
563 1208 638 1270 crgo
660 1191 806 1270 episcopo
828 1192 903 1258 data
922 1197 969 1255 est
987 1193 1055 1255 illo·

125 1310 194 1352 rum
228 1287 493 1352 conferendorum
526 1287 665 1364 potestas
699 1285 868 1349 ordinarie.
901 1289 1055 1350 Gaeternm

126 1407 221 1468 quum
235 1406 275 1448 ex
289 1385 352 1448 alia
364 1387 454 1464 perte
469 1383 620 1446 abbatum
633 1382 810 1445 benedictio
829 1387 861 1445 et
876 1383 1053 1464 jurisdIctio

127 1499 325 1561 summopere
339 1480 481 1542 imitatur
492 1478 744 1540 benedictionem
758 1483 789 1539 et
808 1476 1054 1549 iurisdictionem

24 1649 25 1652 Ἴ
128 1578 348 1658 epIsoopalem,
360 1576 557 1638 cohaerenter
570 1574 696 1636 evenne
710 1574 825 1637 debent
840 1579 874 1639 ιιι
887 1574 1054 1640 abbatibus

24 1675 25 1702 ³
124 1673 193 1735 talis
207 1672 341 1734 facultas
355 1669 615 1741 committeretur.

77 1799 79 1803 ·
165 1768 224 1832 Ubi
239 1767 336 1829 etiam
349 1767 467 1841 notate,
483 1762 568 1844 qnod
583 1763 624 1825 ob
638 1764 816 1844 analogiam
835 1765 916 1828 sicut
933 1765 1054 1845 episco-

123 1863 185 1941 pali
196 1861 374 1927 characteri
388 1860 432 1922 ita
446 1858 570 1920 adnexa
583 1862 631 1921 est
646 1860 785 1922 omnium
799 1860 946 1922 ordinum
959 1861 1054 1922 colla-

123 1958 164 2019 tio
179 1962 213 2020 ut
226 1956 334 2019 valida
347 1972 471 2035 semper
485 1954 536 2032 sit,
552 1953 627 2016 licet
641 1954 810 2034 aliqnando
830 1955 949 2033 illicita,
969 1955 1013 2018 ita
1034 1975 1054 2016 a

23 2061 25 2100 l
123 2056 199 2133 pari,
227 2059 265 2118 ut
292 2052 387 2114 fidem
415 2053 535 2115 faciunt
560 2052 656 2116 varia
680 2053 853 2115 decisiones
876 2053 1053 2134 Cgrgtionis

124 2152 216 2214 Gonc.
238 2167 319 2230 ques
341 2148 438 2213 refert
461 2146 617 2210 Giraldius
641 2147 681 2208 ad
705 2148 943 2210 illustrationem
966 2169 993 2210 c.
1019 2167 1050 2226 x,

124 2263 196 2308 sess.
213 2246 326 2322 XXIII,
343 2243 443 2322 urin„
459 2245 621 2322 receptum
636 2242 760 2306 videtur
775 2247 809 2304 ut
821 2243 926 2303 valida
940 2245 980 2306 ιιι
994 2263 1051 2306 nec

125 2344 254 2408 iteretur
268 2343 415 2406 ordinum
429 2341 564 2419 collatio,
576 2359 711 2422 quorum
724 2340 985 2404 conferendorum
998 2343 1053 2402 eli-

125 2440 249 2519 quende
265 2438 388 2519 dejure
403 2438 612 2500 ecclesiastico
626 2438 710 2500 facte
723 2439 770 2500 est
782 2439 921 2517 potestas
938 2457 945 2499 :
967 2438 1052 2516 quod

23 2551 24 2574 ι
125 2537 196 2598 etin
210 2534 358 2598 omnibus
371 2533 650 2596 sacramentalibus
664 2533 743 2595 sciet
756 2532 885 2595 servari.

157 2634 193 2694 In
207 2630 366 2694 sententia
380 2629 513 2691 illorum·
527 2629 580 2709 qui
601 2628 709 2693 dicunt
729 2647 838 2691 omnes
859 2628 985 2692 ordines
1004 2649 1051 2691 se·

125 2730 283 2787 crementa
297 2741 376 2801 esse,
393 2721 528 2784 difficilis
541 2739 617 2783 sane
633 2727 715 2784 esset
728 2722 893 2801 explicatio
911 2743 917 2785 :
935 2741 993 2786 nec
1007 2725 1052 2786 vi·

124 2819 249 2885 deretur
271 2819 335 2881 alia
356 2819 408 2882 via
432 2835 527 2899 quam
549 2817 603 2878 illa
626 2835 689 2899 qua
710 2817 790 2881 foret
812 2819 982 2881 consImilis
1005 2819 1050 2880 illi

125 2933 215 2994 quam
228 2915 361 2979 numus
377 2918 412 2980 ut
424 2912 616 2993 explicemus
631 2913 861 2994 delegationem
874 2914 916 2975 ad
935 2916 1052 2975 confir-

123 3016 302 3078 mationem.

23 3113 24 3118 ’
155 3111 211 3172 IX.
228 3111 305 3171 Hac
319 3108 600 3189 quidemepectent
613 3108 654 3169 ad
668 3108 806 3170 validam
820 3107 967 3169 ordinum
986 3107 1052 3168 ccl·

23 3217 25 3270 1
121 3202 277 3268 lationem.
293 3206 375 3279 Quid
390 3206 430 3268 de
445 3203 549 3267 licita?
569 3207 614 3268 Si
621 3205 762 3266 omnium
780 3207 1051 3266 sacramentorum

23 3257 25 3350 i
124 3303 295 3364 oeconomia
309 3303 446 3382 episcopi
462 3320 545 3366 cura
559 3300 726 3364 commissa
738 3306 831 3377 esset,
844 3301 904 3362 boc
918 3319 1051 3382 praeser-

122 3395 173 3458 tim
188 3399 275 3480 quod
289 3415 354 3478 prae
373 3398 493 3462 catoris
511 3399 654 3460 adhaeret
672 3395 795 3458 muneri
814 3397 995 3479 episcopali,
1018 3399 1050 3458 et

123 3507 180 3572 quo
206 3494 409 3576 magistratus
433 3492 634 3560 ecclesiastici
656 3496 814 3557 creantur.
844 3495 927 3573 Ergo
953 3507 1045 3554 nemo
