2530 4016
292 349 301 360 .
388 324 426 367 nn
448 322 576 368 carcero
597 323 680 370 runis
702 325 857 372 canorum.
1028 319 1086 380 319

154 473 186 533 in
194 464 498 530 summasanctitatis
508 464 592 526 fama
602 481 710 529 omnes
718 467 922 533 decedebant.
930 473 1088 537 Deindeet

156 567 262 632 caeteri
279 563 388 626 fideles
407 563 595 626 adamarunt
613 564 653 625 ad
674 563 830 626 Ecclesias
843 568 979 646 sepeliri.
996 571 1086 634 Ratio

155 664 215 727 luit
236 661 377 741 duplex:
404 662 435 720 1ο
455 660 488 720 in
509 659 635 740 signum
654 659 828 722 devotionis
843 681 918 744 erga
931 669 1086 746 martyres

156 765 187 824 et
200 757 396 820 confessores
411 755 536 833 christi,
553 760 588 819 ut
606 773 704 836 prope
725 757 810 836 ipsos
828 761 1036 839 sepelirentur
1052 763 1087 825 il-

154 859 257 918 lorum
272 870 405 932 corpora
420 853 474 933 qui
489 869 565 914 cum·
574 853 651 932 ipsis
665 853 782 916 habere
797 857 974 934 gestiebant
986 860 1087 920 socie-

155 955 252 1014 tatem
266 951 298 1010 in
313 947 414 1030 gloria
428 949 460 1010 ct
473 948 702 1010 resurrectione
714 949 871 1030 justorum
887 971 893 1014 :
910 953 1016 1033 itaque
1026 955 1086 1018 hoc
1151 953 1154 965 “

154 1052 287 1131 pignore
302 1052 333 1118 et
347 1065 441 1109 sensu
461 1047 635 1110 devotionis
654 1049 756 1128 magis
778 1050 941 1131 magisque
960 1053 1087 1135 illorum

156 1143 331 1226 patrocinia
345 1145 377 1204 et
390 1141 1086 1222 11111111110111111111111οερ111111ε111ς1011111111

156 1245 190 1305 ut
206 1240 317 1301 fideles
338 1239 392 1319 qui
414 1237 596 1318 frequenter
617 1239 657 1300 ad
675 1241 845 1302 memorias
864 1246 1041 1322 martyrum
1055 1248 1087 1306 et

155 1335 300 1414 scpulcra
313 1337 495 1396 sanctorum
517 1333 733 1412 recurrebant,
758 1332 849 1395 facile
872 1335 1013 1415 ipsorum
1036 1356 1087 1398 re-

155 1430 372 1507 cordarentur,
392 1429 579 1508 illorumque
602 1428 759 1508 suffragiis
787 1433 1087 1496 commendarentur

155 1527 265 1606 magis.
289 1527 461 1604 Propterea
475 1524 656 1587 ooemcteria
669 1525 753 1604 apud
772 1526 926 1589 Ecclesiae
942 1532 1087 1592 excavari

155 1625 341 1701 coeperunt:
362 1621 436 1682 inde
459 1623 491 1682 et
510 1620 688 1699 sepulturas
713 1622 845 1702 reperiri
867 1626 900 1685 in
923 1627 1086 1690 vestibulis

155 1719 345 1798 templorum
370 1735 377 1776 :
409 1717 538 1779 demum
562 1719 594 1778 et
612 1717 645 1778 in
668 1713 753 1798 ipsas
771 1721 927 1783 Ecclesiae
951 1723 1085 1786 conferri

154 1815 294 1877 fidelium
304 1813 470 1890 cadavera,
483 1813 615 1876 servatis
628 1819 735 1876 tamen
750 1819 938 1880 coemeteriis
953 1819 992 1880 ob
1001 1836 1087 1882 com-

154 1911 330 1972 muniorem
350 1913 382 1972 at
398 1909 542 1972 latiorem
561 1927 665 1988 usum,
689 1929 758 1990 quae
774 1913 859 1974 velut
873 1916 1086 1976 accessorium
1185 1975 1188 1981 ,

155 2010 185 2069 ct
198 2023 297 2066 unum
312 2005 388 2085 quid
402 2023 474 2066 cum
496 2004 636 2066 Ecclesia
655 2006 875 2084 censebantur,
897 2011 928 2069 ei
946 2009 1086 2087 mysticis

154 2101 272 2178 usibus,
291 2105 322 2164 et
341 2100 614 2164 benedictionibus
628 2103 669 2163 ad
689 2103 774 2164 hunc
797 2103 979 2184 religiosum
993 2123 1085 2168 usum

153 2195 435 2276 inaugurabantur.
450 2187 452 2190 ’

192 2291 339 2354 Ecclesiae
354 2293 461 2354 autem
474 2293 507 2355 in
527 2292 640 2372 quibus
662 2292 791 2354 daretur
811 2292 956 2357 fidelibus
980 2299 1086 2377 scpul-

153 2391 235 2466 tura,
251 2385 379 2449 fuerunt
399 2388 547 2452 Ecclesiae
571 2389 780 2467 cathedrales,
798 2407 853 2450 seu
876 2391 1083 2470 parochiales,

154 2499 208 2543 seu
217 2482 365 2546 Ecclesia
380 2485 538 2563 matrices,
550 2485 698 2548 Ecclesiae
712 2502 781 2565 quae
790 2485 950 2549 habebant
960 2487 1084 2568 plebem

154 2578 376 2656 christianam,
396 2582 433 2642 ct
454 2581 552 2643 veluti
577 2586 722 2642 centrum
743 2583 834 2642 erant
856 2583 1084 2648 communionis

79 2671 90 2692 '
154 2672 371 2736 ecclesiasticae
389 2693 396 2736 :
414 2677 456 2738 Ut
482 2675 639 2754 videlicet,
670 2675 731 2737 illae
754 2677 902 2739 Ecclesiae
931 2678 1013 2740 unde
1033 2695 1085 2741 ac·

154 2778 303 2850 ceperant
329 2773 438 2834 fideles
465 2773 563 2836 vitam
591 2773 810 2850 christianam,
845 2774 899 2835 ubi
932 2793 1002 2836 eam
1030 2795 1085 2837 ex·

154 2866 334 2945 coluerant,
365 2867 566 2952 perfruerant
598 2871 823 2946 sacramentis,
852 2869 1086 2948 praedicationi-

153 2961 229 3039 bus,
258 2968 337 3041 etc,
372 2965 456 3027 unde
488 2966 668 3029 habuerant
698 2965 810 3027 ultima
841 2963 981 3026 subsidia
1011 2965 1083 3028 vitae

151 3058 338 3139 spiritualis,
356 3061 470 3142 quihus
485 3063 659 3140 debebant,
676 3079 738 3122 uno
758 3062 854 3124 verbo
884 3061 1036 3141 quidquid
1052 3063 1083 3123 in

153 3154 275 3219 Christo
289 3156 505 3236 proiecissent,
522 3158 584 3220 sint
599 3176 618 3219 a
631 3157 745 3238 quibus
755 3157 987 3220 custodirentur
1000 3159 1085 3236 ipso-

151 3269 222 3312 rum
235 3269 379 3332 corpora,
396 3272 530 3336 quarum
543 3254 651 3334 pietati
667 3254 967 3317 commendarentur
984 3254 1084 3334 magis

152 3344 263 3423 magis,
288 3341 375 3410 ‘relat
400 3349 432 3410 111
461 3348 727 3412 continuationem
755 3348 925 3428 quamdam
952 3352 1084 3412 vetustae

152 3443 398 3522 communionis,
438 3448 473 3507 ut
505 3444 585 3507 sicut
614 3443 806 3507 firmioribus
834 3447 864 3506 et
896 3445 1083 3523 specialibus

153 3535 315 3604 eharitatis
335 3540 467 3604 vinculis
487 3559 559 3605 cum
580 3540 641 3604 illis
660 3545 764 3608 essent
778 3540 936 3623 conjuncti
951 3559 1023 3604 oum
1036 3540 1084 3604 vi-
