2504 4024
364 245 403 290 un
425 244 554 292 osonum
571 246 654 293 tuuis
675 246 829 296 ueremur.
1020 238 1060 297 95

132 407 194 450 non
215 392 263 451 est
283 388 486 468 dispensatio,
502 389 528 450 si
550 388 689 452 deiectus
710 391 751 452 sit
770 394 1007 471 temporaneus;
1028 394 1061 455 in

95 494 101 509 ·
130 484 362 566 irregularitate
378 502 416 545 ex
431 484 545 546 delieto
560 503 694 564 semper.

168 584 202 643 3⁰
216 580 266 642 Ad
282 581 547 661 dispensationem
566 581 628 643 tria
641 580 864 661 requiruntur:
882 586 913 644 10
928 585 1060 650 existen·

131 677 172 738 tia
186 677 415 757 impediment,
430 681 463 738 2⁰
474 676 561 757 justa
582 695 678 738 eausa
697 678 892 742 neeessitetis
912 681 962 742 vel
980 682 1060 744 utili·

129 773 202 832 tatis
216 773 377 848 Ecclesia,
392 775 425 834 3⁰
439 773 573 834 facultas
586 772 800 850 dispensandi.

169 870 202 929 40
216 868 321 938 Quum
341 865 604 944 impedimentum·
614 866 674 928 hoe
689 866 729 927 ait
740 866 820 946 juris
841 868 1016 930 eommunis
1031 873 1062 931 et

131 959 170 1020 ad
184 960 290 1040 legem
304 977 503 1021 communem
512 959 545 1019 in
555 958 694 1020 Eeelesia
707 960 874 1039 pertineat,
886 980 949 1024 non
959 964 1062 1040 potest

132 1053 264 1115 relaxari
289 1054 348 1115 nisi
371 1072 391 1114 a
412 1072 559 1134 suprema
581 1054 727 1118 Eeolesiae
752 1056 962 1120 auctoritate:
985 1073 1060 1134 ergo

132 1149 270 1229 episcopi
289 1170 304 1206 u
318 1149 440 1230 quoties
460 1153 582 1212 constat
596 1150 635 1210 de
649 1150 874 1229 impedimento
891 1152 963 1231 jure
977 1169 1061 1213 eom-

131 1245 216 1306 muni
228 1246 371 1322 inducto,
387 1267 402 1304 u
422 1245 498 1306 nihil
512 1249 643 1324 possunt
656 1249 771 1324 praeter
784 1247 817 1308 id
832 1248 917 1327 quod
936 1238 1061 1308 aeneas

131 1358 199 1406 sum
214 1346 273 1402 est.
290 1343 479 1403 Gonoessum
493 1343 542 1402 est
555 1344 661 1403 autem
675 1342 708 1402 in
721 1341 809 1403 prid.
826 1360 902 1404 sess.
918 1339 968 1420 tt,
985 1361 1013 1404 e.
1029 1346 1060 1419 6,

131 1435 162 1495 in
185 1435 222 1496 iis
245 1435 412 1514 speciebus
442 1436 682 1516 irregularitatis
705 1435 905 1514 dispensare,
931 1455 999 1516 quae
1024 1455 1062 1496 ex

132 1531 261 1592 erimine
296 1532 417 1594 oueulto
448 1531 706 1610 proficiscuntur,
732 1535 861 1611 exeepto
891 1531 1060 1593 homicidio

131 1627 307 1689 voluntario
323 1631 353 1690 et
367 1626 436 1689 aliis
448 1628 489 1690 ad
503 1628 606 1689 forum
621 1627 851 1691 contentiosum
865 1629 1019 1690 deductis.

169 1729 201 1785 5⁰
224 1723 438 1802 Dispensatio‚
464 1741 563 1804 quum
584 1725 626 1786 sit
647 1727 757 1786 eontra
775 1724 843 1806 jus,
865 1729 913 1788 est
935 1742 1062 1804 semper

134 1820 249 1882 strietoe
263 1819 540 1898 interpretationis.

481 1964 583 2009 Positiuo
593 1965 708 2033 requisito.

168 2071 200 2129 2⁰
219 2066 348 2130 Positivo
370 2067 521 2147 requisita
538 2070 611 2129 suut
630 2087 636 2128 :
661 2071 692 2128 1⁰
710 2072 797 2129 osma
814 2070 906 2145 aetas,
923 2069 955 2128 2⁰
976 2069 1062 2128 eerta

132 2163 272 2242 seientia,
288 2166 322 2224 30
336 2167 422 2225 oerta
435 2163 546 2244 pietas.

396 2310 429 2354 De
440 2310 550 2366 aequum·
559 2310 588 2356 ad
599 2309 686 2355 ordre·
696 2309 797 2364 majores.

170 2399 207 2460 V.
232 2399 352 2460 Praeter
371 2397 522 2476 requisita
542 2395 722 2459 eommunia
748 2412 818 2475 quae
849 2387 1061 2456 ecclesiastiea

133 2491 295 2570 disciplina
307 2491 438 2572 requirit
455 2492 497 2552 ad
515 2491 642 2554 ordines
662 2489 886 2569 suseipiendos‚
910 2488 1062 2550 nonnulla

132 2590 202 2650 sunt
221 2586 371 2666 specialia
392 2603 463 2666 quae
486 2586 617 2666 requirit
639 2585 681 2646 od
707 2584 904 2664 reeipiendus
932 2583 1059 2646 ordines

132 2680 266 2760 maiores
289 2683 322 2742 et
339 2699 455 2744 saeros.
483 2681 562 2744 Sunt
584 2682 690 2741 autem
709 2679 1060 2755 praesusumens

131 2774 219 2836 liber.
331 2827 339 2836 .
1058 2799 1060 2803 ·

170 2868 212 2930 De
230 2865 459 2932 Titan-Mos
473 2867 541 2928 aret
550 2867 664 2926 veteris
674 2865 846 2944 disciplina
859 2869 894 2926 ut
903 2865 1060 2926 ordinatio

131 2964 235 3024 elerici
252 2979 315 3023 non
335 2960 617 3044 eomprehenderet
637 2949 759 3024 meram
780 2961 897 3022 ordinis
916 2959 1059 3020 collatio-

131 3082 212 3141 nem,
228 3063 286 3124 sed
300 3062 392 3122 simul
406 3066 438 3123 et
452 3060 692 3122 destinationem
705 3059 809 3122 oleriei
823 3046 921 3135 ipsius
937 3056 977 3115 ad
995 3073 1064 3116 eer-

131 3162 195 3220 tum
205 3157 335 3237 aliquod
345 3155 483 3218 offioium
492 3155 775 3234 suoruminaliqua
786 3150 993 3214 determinata
1001 3151 1061 3210 Ee-

132 3253 225 3314 elesia
239 3252 432 3328 obeundum,
449 3268 510 3330 quo
521 3250 618 3311 fiebat
630 3255 665 3310 ut
680 3249 750 3329 quis
765 3246 877 3308 eodem
890 3251 962 3306 aotu
977 3244 1062 3305 ordi-

132 3362 202 3405 nem
212 3351 244 3408 et
254 3344 394 3405 offieium
403 3341 531 3423 aliquod
540 3343 728 3421 perpetuum
736 3337 890 3399 ordiniilli
898 3337 1060 3400 oohaerens

132 3440 302 3520 reciperet,
332 3458 428 3520 pones
455 3438 594 3518 aliquam
622 3433 862 3496 determinatam
889 3431 1061 3494 Ecclesiam
