2548 4020
351 366 353 371 ·
397 351 435 394 nn
457 350 583 397 oesucro
604 351 686 397 rums
709 351 863 398 cruorum.
1034 343 1091 400 247

166 495 308 556 titutione
334 493 480 555 Ecclesiee
495 500 625 573 possunt
646 493 762 572 duplici
787 499 931 575 respectu
953 475 1093 560 bonside-

164 591 235 666 rari,
251 589 397 651 videlieet
412 589 472 650 sub
484 589 635 668 adspectu
648 588 806 666 invisibili,
823 595 855 653 et
869 592 928 653 snb
941 593 1092 674 adspectu

164 687 276 748 visibili
300 705 356 748 sen
384 703 448 766 prae
477 686 622 748 exteriori
649 687 748 747 torma
777 707 873 767 quam
900 691 1089 756 manifestat.

164 785 326 864 Objeetum
339 782 492 845 invisibile
507 781 608 844 oultns
624 783 720 847 nostri
735 784 819 846 eliud
835 791 882 848 est
896 786 1092 865 primarium,

163 883 247 944 uliud
275 880 507 942 secundarium.
532 881 717 942 Primerium
738 887 786 944 est
809 900 890 943 nnus
909 885 1006 962 Dens,
1029 892 1093 948 tres

67 987 69 992 '
164 995 317 1059 personae,
346 980 449 1053 Pater,
479 977 585 1052 Filius,
615 977 747 1060 Spiritus
775 981 919 1059 Sanetus,
947 983 990 1044 ita
1017 1000 1092 1044 vero

164 1075 249 1155 quod
270 1092 342 1135 eum
356 1073 494 1136 Ecclesia
517 1074 729 1137 immediatam
752 1094 842 1138 suam
864 1077 1092 1141 institutionem

163 1174 287 1251 repetet
308 1189 327 1230 a
349 1170 417 1231 Filii
438 1170 493 1230 Dei
516 1188 661 1250 persona,
691 1189 748 1251 per
775 1191 871 1251 quem
898 1175 1007 1253 creati,
1037 1193 1094 1255 per

163 1286 257 1348 qoem
272 1267 425 1347 redempti
446 1285 565 1342 snmus,
586 1285 758 1347 perquem
782 1270 1014 1346 coronabimur,
1037 1291 1095 1351 per

164 1366 267 1444 ipsum
282 1365 379 1425 soleat
394 1381 483 1425 orare
497 1366 608 1438 Deum,
625 1365 678 1442 qui
693 1371 740 1426 est
753 1365 908 1426 mediator
922 1367 977 1426 Dei
992 1373 1023 1428 et
1037 1368 1093 1427 ho-

162 1459 295 1531 minum,
310 1458 404 1518 homo
427 1457 566 1519 Christus
579 1459 684 1535 lesus,
711 1475 805 1537 quem
824 1457 978 1520 habemus
1001 1458 1095 1522 advo·

164 1557 269 1616 uatum
293 1552 523 1631 epudPntrem,
550 1554 602 1631 qni
616 1553 717 1616 faetus
741 1560 822 1615 esta
845 1555 911 1614 Deo
931 1553 1022 1614 nobis
1045 1571 1094 1614 se-

164 1649 293 1730 pientis,
306 1648 434 1727 justitia,
451 1649 655 1711 sanctificatio
672 1652 704 1711 et
717 1649 903 1728 redemptio.

204 1747 266 1810 Sed
281 1750 394 1827 praeter
412 1748 471 1808 hoe
492 1746 649 1826 objectum
671 1746 855 1827 primarium
869 1746 964 1810 habet
985 1747 1095 1810 Euole-

164 1845 211 1905 sia
224 1851 255 1905 et
269 1843 427 1923 objectum
442 1842 601 1921 quoddam
615 1843 836 1908 secundarium
847 1843 949 1905 cultus
963 1845 1011 1906 sui
1026 1844 1095 1905 reli-

163 1939 254 2024 giosi,
269 1940 412 2001 videlieet
426 1941 555 2019 angelos
570 1940 669 2001 bonos
683 1940 842 2002 ministros
855 1941 911 2001 Dei
927 1947 958 2003 et
971 1945 1095 2004 sanctos

163 2056 235 2098 oum
251 2037 371 2098 Christo
386 2039 544 2116 regnantis
559 2036 590 2096 in
605 2035 704 2098 coelis.
720 2035 858 2097 Dicimus
872 2037 1030 2115 objectum
1046 2055 1096 2098 se-

164 2129 349 2192 cundarium
373 2128 448 2209 quia
461 2131 562 2192 nultus
588 2134 771 2192 nosternon
793 2131 978 2192 terminetur
996 2132 1028 2192 in
1050 2134 1095 2192 eis

163 2236 314 2305 tanquam
341 2227 373 2285 in
398 2244 455 2287 suo
482 2225 591 2288 ultimo
612 2227 756 2302 termino,
787 2226 843 2287 sed
872 2229 1009 2304 pondere
1038 2246 1094 2288 suo

163 2324 265 2386 fertur
286 2320 319 2384 iu
341 2325 451 2400 Deum,
476 2323 529 2400 qni
557 2331 604 2384 est
624 2323 693 2384 fons
722 2322 892 2384 sanctitatis
916 2324 948 2385 et
974 2324 1092 2403 gloriae,

164 2421 292 2495 propter
306 2433 399 2494 quem
422 2432 479 2476 eos
490 2433 688 2478 veneramur.
713 2418 815 2478 Deum
829 2416 913 2477 enim
934 2416 1041 2478 inillis
1065 2423 1096 2480 et

165 2528 223 2590 per
242 2510 311 2572 illos
339 2515 464 2574 etcum
491 2511 550 2572 illis
572 2529 777 2588 veneramur3
803 2518 834 2575 et
849 2511 975 2590 qnando
989 2531 1094 2593 prose·

166 2608 291 2686 quimur
304 2608 428 2670 illorum
442 2609 564 2689 merita,
580 2608 746 2670 laudemus
766 2610 896 2672 denset
918 2611 1094 2673 misericor-

166 2705 234 2766 dias
247 2705 304 2766 Dei
326 2705 467 2785 trophaea
481 2705 604 2768 Christi.
631 2707 700 2768 Non
723 2705 814 2768 aliter
835 2707 869 2769 in
892 2725 990 2787 regno
1014 2707 1094 2769 oivili

165 2819 352 2862 veneremur
366 2802 470 2882 regios
482 2802 650 2876 ministros,
666 2803 717 2864 vel
730 2803 852 2883 regium
867 2807 1022 2882 senatum,
1039 2806 1095 2866 sed

166 2897 324 2959 veneratio
339 2913 434 2975 quam
448 2897 485 2958 iis
499 2897 722 2984 impendimus,
739 2905 852 2960 nature
866 2897 1036 2961 subfertur
1060 2896 1092 2958 in

165 3009 285 3072 regem,
306 2994 380 3072 quia
393 3011 447 3055 eos
468 3011 530 3055 non
547 3013 733 3056 veneramur
755 2993 959 3072 inquantum
982 2999 1096 3055 nature

166 3090 238 3147 sunt
266 3085 355 3147 nobis
376 3086 563 3167 cooequales,
590 3087 645 3149 sed
669 3092 824 3167 quatenns
848 3086 889 3146 ob
910 3085 1095 3170 dignitatem

165 3199 295 3261 quamn
317 3201 393 3262 rege
406 3184 493 3246 velut
514 3189 621 3246 centro
636 3183 765 3260 hebent,
792 3186 865 3244 sunt
886 3182 976 3242 nobis
999 3199 1096 3261 praes-

166 3279 329 3356 tortiores,
344 3279 488 3360 illiusque
502 3279 703 3360 majestatem
725 3277 941 3357 unusquisque
954 3295 1011 3356 pro
1029 3296 1097 3338 mo-

167 3375 241 3437 dulo
265 3394 322 3436 suo
345 3377 435 3438 nobis
459 3381 695 3456 repraesentent.
718 3376 814 3460 Porro
839 3379 875 3437 ut
897 3375 1012 3454 duplex
1033 3375 1094 3436 hoo

167 3473 269 3533 nultus
290 3491 388 3552 genus
416 3473 661 3553 distingueretur
687 3490 694 3532 :
720 3471 856 3552 primum
884 3477 1028 3534 vocatum
1050 3478 1097 3532 est

168 3569 270 3631 onllus
285 3569 391 3646 latrice,
416 3570 494 3632 alter
508 3568 610 3645 dulice,
635 3585 704 3646 quae
720 3567 855 3630 verbosi
870 3569 954 3630 voois
969 3575 1096 3649 etymon
