2530 4016
175 241 233 300 286
386 250 612 297 Irtsrlrormras
633 251 715 296 tonis
737 251 893 298 carorum.

175 401 259 461 tione
273 397 313 457 ab
329 395 450 471 ordine,
468 397 523 458 aot
537 395 732 473 promotione
747 395 794 456 ad·
807 396 950 458 ordinem
964 401 1105 478 superio-

174 513 252 572 rem,
270 492 420 572 suspendi
434 496 489 554 aut
504 492 609 552 vocari
622 497 728 569 posset
743 492 915 555 ordinatus.

214 587 277 649 Sed
293 589 416 648 vetusta
431 585 499 646 haec
514 583 678 662 disciplina
689 602 752 663 qua
763 577 892 662 ordinis,
904 586 972 665 ipso
982 588 1104 650 ordina-

173 685 266 746 tionis
285 689 369 758 actu,
392 679 624 761 providebatur
643 697 834 758 permanens
855 685 1019 766 occupatio
1043 704 1105 764 qna

173 788 335 862 acceptam
349 783 537 859 potestatem
552 796 675 840 sacram
690 783 887 857 exeruerunt,
904 785 936 843 et
950 783 1033 843 unde
1049 783 1104 843 ali-

173 883 313 940 mentum
327 895 385 956 pro
401 877 472 937 vitae
488 876 573 938 cultu
593 869 790 954 susciperint,
811 877 884 939 licet
904 878 1032 939 aliunde
1051 899 1105 959 op·

172 976 258 1051 tima,
275 991 337 1034 non
353 978 421 1033 erat
434 977 541 1032 autem
556 971 649 1032 unica
663 971 843 1049 disciplina;
860 973 981 1036 etsicut
995 981 1104 1036 aucto-

171 1071 262 1130 ritate
278 1065 487 1128 ecclesiastica
502 1063 670 1143 conjuncta
684 1068 752 1126 arat
762 1064 880 1126 ordinis
891 1066 1015 1128 collatio
1031 1085 1103 1128 oum

171 1164 336 1226 collatione
351 1160 550 1224 determinati
569 1159 700 1240 alicujus
722 1157 828 1237 officii,
844 1161 889 1223 ita
906 1165 1030 1241 poterat
1051 1182 1104 1224 ec-

170 1261 344 1323 clesiastica
359 1258 544 1321 auctoritate
560 1255 695 1336 sejungi.
710 1284 713 1289 ·

211 1359 382 1434 Propterea
392 1354 459 1434 jam
481 1359 557 1414 tuno
580 1371 600 1412 a
623 1352 737 1412 saeculo
761 1353 828 1430 Xll,
854 1353 1104 1419 admittebantur

170 1453 220 1513 hic
234 1452 297 1512 illic
311 1450 415 1512 elerici
438 1449 478 1510 ad
494 1447 861 1510 sacramordinationem
876 1451 943 1510 sine
957 1457 1101 1531 respectu

170 1548 210 1608 ad
226 1547 468 1608 determinatum
485 1544 623 1606 cilicium
645 1544 772 1630 aliquod
790 1545 824 1606 in
845 1547 985 1608 Ecclesia
1007 1565 1103 1626 preas-

169 1645 316 1718 tandum;
329 1645 385 1705 sed
396 1647 430 1704 ut
439 1661 496 1723 pro
511 1643 658 1705 Ecclesia
669 1645 914 1723 opportunitate,
928 1645 983 1707 vel'
992 1664 1101 1708 neces-

171 1743 262 1802 sitate
274 1740 365 1821 juxta
380 1739 599 1818 episcoporum
612 1739 775 1800 consilium
790 1740 985 1805 inservirent.
1003 1744 1102 1805 Sacra

168 1840 273 1900 autem
287 1835 390 1898 officia
400 1834 439 1896 ab
450 1834 590 1896 Ecclesia
600 1835 808 1899 determinata
818 1856 874 1917 pro
886 1837 1100 1902 functionibus

168 1935 334 1997 ordinariis
360 1935 462 1996 cultus
489 1933 606 2018 divini,¹
626 1933 718 2014 juxta
744 1935 887 1997 locorum
914 1938 1099 2000 varietatem

168 2030 392 2110 praestandam,
417 2029 549 2092 seorsim
576 2049 596 2090 a
622 2047 712 2091 sacra
739 2031 935 2093 ordinatione
963 2033 1100 2095 conferri

168 2131 342 2206 coeperunt,
359 2127 408 2188 vel
423 2128 495 2188 ente
509 2125 612 2204 ipsam
628 2128 662 2187 ut
679 2125 800 2188 clericis
817 2121 969 2207 tanquam
990 2128 1099 2191 titulus

167 2242 232 2284 suae
247 2222 451 2284 ordinationis
467 2220 641 2282 secundum
660 2222 834 2302 vestigium¹
847 2225 984 2304 antiqua
1004 2225 1098 2287 disci·

165 2318 260 2397 'plinae
274 2316 473 2393 inservirent,
490 2318 545 2376 aut
559 2315 710 2377 ordinatis
725 2316 844 2377 clericis
858 2319 1037 2380 traderetur
1052 2321 1099 2381 of·

166 2414 272 2475 ficium
286 2412 540 2488 determinatum,
558 2408 643 2492 quod
656 2411 933 2475 indeterminatum
948 2417 1098 2496 quodam-

166 2510 260 2570 modo
277 2526 314 2568 ex
329 2509 397 2568 sola
411 2507 607 2570 ordinatione
622 2510 825 2569 remanserat.

205 2605 314 2664 XXIX.
338 2604 406 2662 Duo
435 2607 525 2666 eraut
550 2603 691 2688 pericula
718 2603 832 2682 quibus
860 2605 1003 2686 subjecta
1030 2611 1097 2668 erat

165 2697 233 2759 hoeo
248 2696 412 2776 disciplina
433 2701 489 2758 :1⁰
510 2700 615 2760 Otium
635 2699 836 2774 clericorum3
859 2701 1095 2780 2⁰,Meudicitas

164 2814 220 2856 seu
234 2797 415 2875 paupertas,
433 2811 546 2874 nempe
565 2795 706 2858 defectus
725 2799 959 2860 sustentationis
980 2814 1095 2861 conve-

164 2891 289 2953 nientis.
308 2891 340 2952 Si
364 2887 594 2970 haec'pericula
614 2893 849 2970 avertebantur,
874 2911 937 2955 non
958 2897 1026 2956 erat
1046 2913 1095 2956 re·

165 2985 435 3066 prehendendum,
463 2987 490 3048 si
512 2986 628 3066 praeter
650 3005 816 3049 numerum
843 2993 1038 3066 consuetum,
1064 2993 1094 3051 et

162 3085 413 3147 indeterminatis
437 3083 547 3146 officiis
570 3102 732 3146 sacrorum
761 3085 976 3146 ministrorum
1004 3085 1093 3163 copia

163 3167 343 3256 angeretur,
360 3186 395 3239 ut
409 3178 467 3238 sub
485 3179 632 3257 Episcopi
652 3178 780 3242 arbitrio
802 3179 955 3240 Ecclesia
969 3179 1093 3242 utilitati

162 3272 212 3330 vel
237 3273 463 3352 opportunitati
486 3274 683 3336 inservirent.
713 3275 796 3353 Ergo
826 3275 960 3336 Romani
990 3275 1091 3336 Ponti-

162 3369 236 3426 fices
252 3372 283 3428 et
297 3369 435 3430 concilia
449 3373 660 3448 opportunum
675 3387 738 3444 non
752 3370 954 3432 crediderunt
964 3371 1090 3432 omnino

161 3459 313 3540 impedire
335 3480 450 3523 novam
471 3463 668 3542 disciplinam
696 3483 765 3546 queo
789 3464 1009 3545 inducebatur,
1035 3464 1090 3526 sed
