2548 4020
411 279 449 322 na
471 277 599 324 osrauro
619 279 701 326 rums
723 279 877 326 uiuorum.
1049 271 1106 330 att

178 421 278 484 tivum
294 421 375 501 juris
396 421 582 498 eommunis,
606 440 659 483 seu
683 423 843 484 constituit
863 424 980 504 aliquid
1000 430 1109 489 eontra

175 518 228 599 jus
243 536 410 579 commune
424 519 457 578 in
472 518 592 579 oaeteris
607 517 819 580 contractibus
833 521 1033 584 servandum.

218 616 264 676 Ex
293 614 354 676 alia
376 621 466 694 parte
489 615 649 676 videretur
670 615 754 694 quod
775 616 887 677 eadem
907 620 1109 702 praesumptio

175 714 268 796 juris,
284 715 315 776 vi
331 713 419 794 eujus
435 714 630 776 conditiones
645 715 864 794 impossibiles,
881 715 988 778 favore
1002 719 1111 780 matri-

178 812 277 872 monii
291 810 447 873 hahentur
461 829 518 890 pro
540 828 602 870 nou
624 810 767 891 adjeetae,
790 812 971 875 verificatur
990 815 1023 874 in
1045 833 1113 876 om-

179 908 272 969 nibus
300 906 530 968 conditionibus
553 911 621 968 tum
649 908 795 987 propriis,
824 912 893 970 tum
920 910 1109 990 impropriis,

178 1003 279 1063 saltem
295 1003 377 1065 laeto
391 1002 645 1080 impossibilibus.
663 1006 738 1076 Quae
749 1004 926 1068 differentia
936 1007 1020 1066 enim
1031 1011 1113 1067 esset

178 1099 262 1160 inter
275 1098 487 1168 conditionem
504 1118 510 1159 :
527 1099 553 1158 si
568 1098 666 1179 digito
681 1101 797 1162 eoelum
810 1107 933 1181 tangas,
952 1107 984 1164 et
994 1102 1088 1164 aliam
1103 1123 1110 1164 :

178 1196 207 1256 si
219 1194 318 1275 digito
334 1195 449 1255 eaelum
463 1195 614 1275 tetigeris
631 1201 759 1275 propter
774 1217 880 1278 quam,
892 1203 994 1262 stante
1005 1202 1112 1262 favore

179 1292 382 1368 matrimonii,
407 1293 663 1373 praesumendum
686 1293 726 1354 sit
748 1295 882 1373 primam
900 1303 1007 1358 mente
1031 1300 1115 1359 exei-

180 1387 276 1466 disse,
299 1405 362 1450 non
384 1388 497 1450 eliam?
519 1393 628 1451 Nonne
652 1390 719 1468 pari
741 1390 836 1452 modo
858 1394 1114 1469 praesumendum

179 1489 263 1544 esset
277 1485 498 1546 contrahentes
513 1504 575 1547 non
590 1486 727 1548 voluisse
738 1487 860 1567 J'oeari?

221 1581 302 1658 Dixi,
332 1582 434 1642 saltem
461 1583 494 1644 in
515 1583 747 1646 conditionibus
765 1583 848 1645 facto
870 1585 1115 1666 impossibilibus

180 1678 247 1738 sive
262 1679 396 1760 propriis
411 1679 476 1742 sive
491 1681 669 1761 impropriis
684 1682 829 1743 eamdem
849 1683 1003 1744 verificari
1019 1684 1117 1746 ratio·

181 1791 255 1834 nem
268 1774 356 1854 juris.
379 1779 458 1836 Nam
475 1777 509 1838 in
529 1778 761 1840 conditionibus
777 1779 849 1860 jure
870 1781 1115 1860 impossibilibus

181 1887 253 1948 quae
268 1875 447 1950 repugnant
459 1871 551 1932 honis
564 1871 718 1948 moribus,
735 1873 937 1950 praesumptio
949 1872 1029 1951 juris
1045 1887 1114 1951 quae

180 1967 269 2045 viget
283 1967 307 2027 si
322 1967 383 2028 illae
398 1967 515 2030 fuerint
528 1968 676 2047 propriae,
693 1985 756 2027 non
776 1968 901 2029 videtur
919 1968 1074 2029 verificari
1090 1967 1114 2027 si

181 2063 299 2124 luerint
318 2063 499 2143 impropriae
521 2069 552 2126 et
572 2064 742 2144 respiciant
761 2062 880 2124 factum
899 2083 1048 2143 presens,
1065 2064 1116 2125 vel

180 2158 387 2238 praeteritum,
404 2159 490 2221 velut
503 2159 594 2220 bonis
615 2157 761 2220 moribus
778 2156 969 2218 eontrarium
990 2157 1117 2218 realiter

183 2261 289 2316 tamen
304 2256 448 2317 existens.

223 2351 379 2413 Caeterum
393 2355 538 2413 auctores
552 2351 771 2427 communiter,
787 2350 848 2410 hae
862 2349 894 2410 in
909 2367 955 2426 re,
972 2366 1034 2410 non
1050 2351 1114 2411 dis-

181 2447 331 2528 tinguunt
345 2448 449 2528 quoad
463 2449 603 2509 valorem
617 2446 820 2524 matrimonii,
838 2444 1033 2507 conditiones
1043 2445 1116 2505 sim·

183 2544 307 2622 pliciter
328 2544 536 2622 impossibiles
558 2548 612 2604 aut
632 2543 762 2623 physice
786 2547 841 2604 aut
863 2542 1034 2620 moraliter,
1062 2545 1117 2603 aut

146 2692 148 2694 .
183 2640 328 2719 proprias
343 2644 397 2701 aut
409 2639 609 2718 impropriae,
634 2644 664 2700 et
680 2638 793 2700 'dieunt
814 2640 845 2700 in
866 2657 983 2720 genere
1005 2637 1115 2699 haberi

184 2750 241 2812 pro
256 2750 320 2792 non
334 2733 476 2812 adjectis
498 2733 632 2805 Quidam
650 2733 752 2794 solum
771 2733 890 2810 dieunt,
911 2735 942 2795 in
963 2732 1117 2795 uenditio-

184 2829 276 2890 nibus
304 2830 505 2908 impropriis,
522 2830 756 2911 matrimonium
785 2831 890 2891 statim
918 2830 1035 2902 valere,
1063 2831 1117 2888 aut

185 2925 307 2986 nullum
334 2943 414 3003 esse,
438 2925 542 3004 prouti
563 2944 615 2987 res
635 2927 666 2986 in
688 2927 866 2990 conditione
887 2925 989 3003 posita
1010 2927 1116 2983 extare

185 3040 268 3083 nuno
291 3023 547 3102 deprehenditur,
573 3023 631 3084 nisi
652 3024 747 3084 fuerit
767 3023 904 3084 eonditio
926 3028 1034 3081 nutare
1057 3017 1117 3077 im·
1199 3101 1201 3106 Ι

185 3118 352 3197 possibilis,
370 3139 440 3200 quae
459 3121 525 3182 sive
546 3121 586 3181 de
608 3121 725 3198 futuro,
749 3120 814 3180 sive
836 3116 1042 3198 de‘praesenti
1064 3117 1115 3193 sit,

186 3218 252 3278 non'
264 3217 447 3295 attenditur,
465 3221 495 3280 et
509 3217 744 3279 matrimonium
760 3215 856 3277 valet.

228 3313 260 3375 si
276 3333 350 3376 vero
366 3315 560 3378 conditiones
574 3313 690 3374 fuerint
707 3312 884 3391 possibileS,
905 3315 961 3373 aut
980 3312 1118 3392 propria

186 3415 270 3487 sunt,
284 3415 339 3473 aut
347 3411 527 3492 impropria
537 3431 543 3472 :
552 3410 576 3470 si
583 3408 896 3489 fuerintimprupriae,
907 3425 969 3469 non
978 3409 1120 3472 officiunt

187 3510 353 3570 consensui
369 3509 408 3571 de
422 3507 580 3589 prasenti,
596 3507 652 3568 sed
667 3507 699 3568 in
714 3525 809 3586 eausa
829 3510 913 3584 sunt,
935 3524 1032 3587 quere
1053 3521 1122 3568 ma·
