2548 4020
172 277 228 338 {88
382 284 608 333 rusrlruriouus
628 284 710 330 touls
732 282 886 330 extortor.

172 433 336 496 admittent
350 428 454 492 officia
468 427 609 508 conjugis
624 431 654 490 et
670 425 916 506 patrisfamilias
930 426 1022 488 valde
1037 427 1102 490 dis·

79 545 84 552 ·
170 530 294 592 trahere
310 527 351 589 ab
366 525 475 588 officiis
489 524 694 586 clericalibus.
1036 528 1040 533 '

187 605 191 628 ¹
209 625 266 685 Est
280 623 364 684 enim
377 618 635 682 statusclericalis
650 623 733 681 totus
743 618 856 680 divinis
866 617 976 680 officiis
985 621 1102 682 manci·

170 723 286 802 patus:
310 718 367 794 Oui
382 725 477 778 autem
497 716 556 776 siae
575 734 667 776 acore
681 723 732 792 est,
748 713 858 795 sopitat
876 733 941 795 quta
956 715 1011 778 uei
1022 727 1100 794 sunt,

170 815 310 899 quomodo
331 815 445 894 placent
465 812 525 874 Deo
547 812 665 895 (aiente
686 810 821 890 Paulo):
847 811 902 891 qai
919 820 1015 872 uatem
1036 831 1103 873 cum

173 933 263 974 auore
277 919 318 974 est
332 911 440 990 capitul
449 927 515 989 quea
524 917 591 968 suut
604 906 714 984 mundi,
727 906 867 988 quomodo
878 908 1100 988 placentarum,
1168 929 1171 934 ·

172 1018 199 1073 et
211 1009 319 1070 diuinus
332 1015 383 1068 est
400 1008 439 1067 Et
453 1005 538 1067 idem
552 1005 668 1066 Paulus
685 1007 698 1066 Ι
716 1003 757 1066 ad
772 1007 841 1067 (lor.
858 1009 888 1067 7.
905 1010 1011 1069 mouet
1027 1025 1105 1068 cou-

168 1107 262 1187 joges
275 1120 378 1164 vocare
391 1100 430 1162 od
443 1109 555 1182 tempus
569 1101 609 1163 ab
619 1120 678 1162 usu
688 1101 862 1183 conjugali,
871 1104 997 1183 quaudo
1007 1103 1106 1168 instat

172 1205 296 1280 tempus
312 1198 471 1260 orationis.

212 1298 301 1359 Adde
317 1295 792 1361 coelibatumelerieornmvaldc
803 1298 945 1359 conferre
956 1315 1012 1378 pro
1024 1298 1107 1360 exis-

173 1396 334 1458 timatione
355 1397 387 1456 ct
406 1394 582 1456 reverentia
602 1397 700 1456 status
724 1394 875 1456 clericalia
897 1414 991 1476 quem
1014 1397 1108 1460 decet

173 1493 275 1574 major
285 1491 434 1571 perfactio
445 1496 539 1568 prout
550 1490 702 1552 nobiliora
712 1492 793 1570 gerit
802 1491 944 1554 officiain
952 1492 1103 1556 Ecclesia.

213 1590 287 1649 Haec
301 1585 414 1646 intuita
428 1583 569 1645 Ecclesia
583 1583 723 1646 distinxit
736 1584 796 1645 hac
809 1584 841 1645 in
856 1602 889 1645 re
907 1585 1035 1646 ordines
1046 1585 1108 1646 mi-

174 1701 267 1745 nores
282 1687 313 1744 et
327 1699 389 1741 non
404 1698 511 1775 sacros
525 1680 565 1741 ab
581 1680 743 1742 ordinibus
756 1679 928 1762 majoribus
947 1685 978 1744 et
996 1680 1105 1743 sacris.

174 1777 283 1842 inillis
298 1775 415 1837 amavit
429 1774 626 1851 coelibatum3
644 1793 707 1836 nou
727 1777 834 1837 tamen
852 1776 1012 1854 prohibuit
1026 1794 1110 1856 nup-

174 1876 245 1942 tias,
263 1878 294 1933 et
311 1872 409 1934 multo
430 1869 533 1930 minus
551 1871 711 1935 interdixit
731 1872 853 1953 (saltem
873 1872 1063 1953 generaliter
1077 1877 1110 1934 et
1157 1887 1161 1892 '

176 1971 330 2051 absolute)
352 1986 444 2030 usum
465 1969 646 2050 nuptiarum
660 1970 729 2050 jam
748 1973 989 2048 contractarum,
1010 1970 1110 2051 siqui-

176 2068 249 2128 dem
263 2064 448 2146 conjugatos
462 2063 503 2124 ad
518 2081 571 2124 eos
586 2063 800 2142 suscipiendos
815 2063 950 2125 admisit.

217 2162 307 2235 Quod
321 2160 519 2241 potissimum
534 2178 590 2240 per
611 2177 650 2220 ea
662 2166 807 2239 tempora
821 2159 964 2239 obtinuit,
981 2161 1110 2240 qu'ando

177 2260 232 2343 qui
246 2260 278 2320 in
292 2257 464 2320 minoribus
480 2255 641 2318 ordinibus
658 2255 873 2333 initiabantur,
889 2257 921 2317 in
941 2257 979 2318 iis
996 2274 1112 2338 perpa-

177 2362 231 2420 tuo
255 2355 477 2418 consistebant.
501 2354 541 2416 At
568 2358 735 2433 postquam
758 2353 892 2415 obtinuit
916 2357 950 2416 ut
972 2354 1112 2414 minores

179 2450 305 2512 ordines
316 2452 419 2510 essent
429 2448 480 2508 via
490 2446 530 2508 ad
540 2445 688 2528 majores,
701 2449 851 2510 statutum
865 2450 911 2509 est
926 2447 1039 2509 saculo
1050 2464 1109 2526 x11,

180 2551 214 2607 ut
228 2546 280 2624 qui
295 2545 327 2604 in
342 2543 515 2605 minoribus
530 2534 691 2603 ordinibus
706 2541 933 2605 contraxissent
949 2542 1113 2603 matrimo-

180 2640 278 2715 nium,
295 2640 385 2718 quasi
399 2638 607 2700 ecclesiastico
618 2639 741 2699 muneri
756 2640 996 2714 renuntiassent,
1008 2655 1113 2700 remo-

179 2740 328 2798 verentur
342 2751 362 2792 a
375 2750 504 2794 suorum
518 2733 664 2796 ordinum
679 2735 780 2797 officio
797 2736 877 2816 (cap.
895 2751 905 2795 1
920 2737 952 2795 ct
965 2752 1053 2813 seqq.
1071 2733 1113 2794 de
1164 2789 1166 2794 .

180 2829 323 2910 Glarico).
342 2829 449 2891 Solum
471 2829 644 2892 Tridentini
664 2833 772 2893 Patres
792 2832 825 2892 in
846 2849 906 2892 ses.
929 2834 967 2893 25
983 2830 1022 2891 da
1040 2829 1110 2892 nef.

180 2945 249 3008 cap.
266 2942 344 3006 xvu,
364 2926 402 2988 iis
416 2929 649 3003 concesserunt,
666 2929 701 2988 ut
715 2928 741 2988 si
758 2928 863 2989 elerici
879 2927 1007 2990 coelibes
1022 2927 1115 2987 dees-

181 3028 261 3102 sent,
277 3043 351 3086 suos
365 3024 490 3087 ordines
503 3022 597 3084 veluti
607 3021 711 3084 cleriei
725 3023 903 3086 subsidiarii
918 3027 1111 3100 exercerent,

182 3122 352 3183 dummodo
372 3128 476 3182 essent
494 3118 633 3198 probata
654 3119 738 3197 vitae,
755 3136 818 3181 nou
835 3119 966 3200 bigami,
981 3120 1023 3180 ad
1043 3136 1116 3178 mu-

182 3234 259 3276 nera
273 3217 413 3296 gerenda
425 3215 542 3294 idonei,
558 3222 589 3277 ot
601 3219 764 3279 tonsuram
778 3233 815 3278 ac
833 3216 1010 3286 clericalem
1023 3213 1115 3276 habi-

181 3314 393 3391 tumgestent.
760 3383 767 3396 ,

222 3407 371 3471 Similiter
384 3409 478 3472 hodie
492 3409 574 3487 laici,
591 3411 618 3472 si
632 3409 802 3491 conjugati,
820 3427 883 3472 uon
903 3409 1115 3472 admittuntur

152 3496 154 3501 ’
184 3499 223 3560 ad
239 3499 375 3576 ordines,
393 3519 451 3562 uec
465 3503 613 3580 minores,
629 3503 688 3563 nisi
699 3504 738 3566 de
748 3521 902 3564 consensu
913 3503 1029 3580 uxoris,
1042 3519 1114 3582 quae
