2548 4020
388 273 427 318 ou
448 273 576 318 ouuucro
594 274 677 320 sunta
700 274 854 322 canorum.
1025 267 1083 322 ult

193 416 333 478 XXXIX.
355 413 466 478 Ultimo
480 417 629 481 conditio.
651 419 833 497 Requiritur
853 421 886 480 ut
903 421 945 481 sit
961 421 1002 482 de
1021 441 1086 485 ma-

151 512 301 574 trimonio
316 513 398 574 inter
412 531 445 574 se
456 514 683 590 contrahendo,
696 515 841 577 videlicet
851 517 934 595 quod
944 536 1086 595 personae

153 629 225 690 quae
240 627 298 688 per
312 627 357 686 se,
374 612 429 672 aut
443 628 500 688 per
518 614 610 672 suum
629 611 862 672 mandatarium
875 616 1083 693 consentiunt,

153 723 217 766 nou
232 705 295 767 sint
309 708 433 766 tautum
447 723 518 785 quae
533 706 743 783 consentiunt,
760 707 816 768 sed
830 711 862 770 et
875 707 907 768 in
922 727 999 789 quas
1014 729 1089 773 con-

153 802 299 863 sentitur.
523 879 530 888 ἱ

195 897 277 969 Quid
296 912 373 976 ergo
394 896 421 957 si
444 896 602 958 adoliam
623 916 791 976 personam
811 900 969 963 diversam
991 903 1031 963 ab
1052 922 1090 964 ea

155 1013 226 1076 quae
250 993 416 1070 consentit,
447 1009 618 1055 consensus
645 996 826 1075 nuptiarum
853 998 1028 1061 referatur?
1055 1001 1088 1062 Si

156 1092 226 1172 quis
253 1108 311 1169 per
334 1107 475 1150 errorem
498 1091 665 1153 contrahat
688 1110 760 1152 cum
782 1093 858 1171 Lis,
883 1099 997 1173 putans
1022 1115 1089 1158 asso

155 1187 338 1266 Rachelem,
355 1185 513 1247 contrahit
526 1202 598 1246 cum
610 1187 705 1264 inope
727 1191 842 1265 putans
860 1206 928 1250 esse
947 1190 1087 1268 divitem,

156 1281 316 1345 contrahit
333 1299 406 1344 cum
424 1280 548 1358 ancilla,
570 1285 684 1360 putans
703 1300 771 1343 esse
789 1283 922 1346 liberam
941 1291 974 1347 et
991 1286 1091 1348 domi-

157 1397 242 1456 uam,
260 1381 319 1441 etc.
337 1376 419 1449 Quid
434 1377 459 1437 si
475 1375 611 1439 errando
626 1379 802 1440 contraxit?

196 1473 377 1538 Videndum
401 1477 449 1535 est
472 1473 633 1553 quodnam
655 1473 750 1535 fuerit
773 1473 931 1555 objectum
954 1476 1089 1552 erroris;

156 1571 314 1651 siquidem
337 1587 426 1630 error
445 1570 558 1630 cadere
579 1571 683 1648 potest
706 1570 756 1630 vel
778 1569 811 1630 in
835 1571 978 1647 nomina,
994 1571 1044 1632 vel
1059 1572 1090 1631 in

156 1684 337 1746 personam,
353 1665 407 1728 vel'
423 1666 455 1726 in
476 1665 661 1746 qualitatem
674 1684 817 1745 personae
839 1685 911 1728 cum
933 1687 996 1749 qua
1017 1685 1092 1729 oon-

156 1765 323 1826 trahimus.
339 1763 372 1826 Si
384 1762 478 1824 eadat
491 1762 697 1845 inpetuosum,
709 1765 1010 1839 vitiatcousensum3
1022 1765 1093 1826 nul·

156 1863 222 1923 lum
247 1863 295 1922 est
317 1859 551 1920 matrimonium
578 1859 695 1921 :cadit
718 1861 802 1921 enim
827 1862 860 1921 iu
885 1861 1091 1923 substantiam

157 1959 353 2032 contractum
373 1972 447 2016 nam
462 1955 683 2017 contrahentes
698 1956 730 2016 in
744 1958 944 2020 matrimonio
959 1960 1032 2019 sunt
1051 1956 1091 2016 ad

158 2056 295 2117 invicem
307 2051 498 2133 principium
519 2055 550 2113 et
570 2052 722 2113 terminus
746 2053 793 2113 sui
815 2071 997 2130 consensuS,
1019 2059 1093 2114 sunt

157 2147 251 2208 simul
266 2162 410 2224 personae
425 2144 640 2206 determinata
652 2149 684 2204 et
692 2144 867 2225 singulares
876 2147 908 2206 in
920 2164 998 2225 ques
1008 2145 1093 2206 cadit

157 2246 287 2303 mutuus
302 2257 484 2317 cousensus,
501 2257 571 2319 quae
587 2258 620 2300 se
635 2239 770 2300 invicem
782 2239 980 2317 promittuut,
998 2243 1029 2300 et
1043 2257 1093 2299 re-

158 2337 360 2418 promittunt3
378 2336 458 2397 adeo
474 2339 518 2412 ut,
535 2335 562 2395 si
580 2334 622 2395 ad
640 2335 734 2396 aliam
753 2353 919 2414 personam
938 2334 1093 2395 referatur

159 2449 332 2494 cousensus
346 2431 504 2492 diversam
518 2431 559 2491 ab
574 2449 612 2492 ea
626 2449 695 2510 quae
716 2431 871 2492 consentit
888 2431 927 2491 de
946 2431 1040 2506 facto,
1062 2434 1095 2490 et

160 2528 305 2605 acceptat
328 2524 456 2586 alterius
480 2541 678 2601 consensum,
701 2525 881 2586 contractus
902 2520 1093 2584 matrimonii

160 2622 285 2700 concipi
298 2621 384 2681 nullo
398 2619 493 2681 modo
508 2623 621 2698 potest.

201 2721 270 2780 Non
286 2717 371 2778 enim
384 2715 621 2779 matrimonium
641 2718 677 2777 fit
697 2734 770 2777 cum
790 2715 843 2778 illa
864 2734 934 2797 qua
956 2733 1094 2796 praeseus

161 2816 327 2894 consentit,
351 2816 426 2895 quia
448 2815 489 2876 ad
512 2814 598 2876 illam
619 2814 748 2876 alterius
770 2833 939 2876 cousensus
961 2833 1024 2875 uon
1045 2831 1096 2874 re·

161 2915 276 2988 fertum
294 2931 357 2974 non
371 2930 443 2973 eum
457 2911 511 2972 illa
534 2910 575 2972 ad
597 2930 692 2992 quam
714 2910 849 2972 refertur
871 2910 998 2972 alterius
1019 2927 1095 2970 con-

161 3029 284 3088 sensus,
302 3009 377 3089 quia
390 3009 475 3070 huuc
490 3026 552 3070 uon
567 3011 721 3086 acceptat,
742 3025 801 3066 neo
822 3006 861 3066 de
882 3006 965 3065 facto
986 3021 1095 3065 recon-
1186 3063 1188 3067 ,

162 3109 258 3171 sent't
292 3111 324 3169 et
350 3107 548 3188 repromittit.
585 3109 620 3168 In
656 3106 813 3184 emptione
848 3103 901 3164 uhi
939 3102 1097 3182 objectum

163 3209 345 3268 contractus
358 3210 406 3267 est
419 3223 482 3281 res,
501 3202 672 3264 dummodo
694 3200 728 3262 de
750 3199 880 3280 Corpore
899 3199 943 3259 rei
962 3201 1095 3274 constet,

165 3304 196 3364 in
220 3302 306 3383 quod
330 3301 414 3363 cadit
440 3299 615 3363 substantia
636 3300 833 3372 contractus,
858 3312 970 3374 parum
996 3295 1100 3356 consi-

165 3399 443 3477 dereturperscna
464 3395 726 3460 contrahentium.
751 3395 848 3456 Secus
869 3393 902 3452 in
921 3391 1100 3471 stipulatio·

166 3496 275 3571 nihus;
295 3497 467 3558 liberalitas
495 3495 578 3556 enim
607 3493 728 3572 concipi
757 3509 819 3554 non
847 3493 952 3569 potest
979 3489 1037 3549 nisi
1066 3489 1100 3550 in

274 3611 339 3649 rou.
360 3610 392 3648 11.
963 3587 995 3640 ts
