<?xml version="1.0" encoding="UTF-8"?>
<!DOCTYPE html PUBLIC "-//W3C//DTD XHTML 1.0 Transitional//EN"
    "http://www.w3.org/TR/xhtml1/DTD/xhtml1-transitional.dtd">
<html xmlns="http://www.w3.org/1999/xhtml" xml:lang="en" lang="en">
 <head>
  <title>
</title>
<meta http-equiv="Content-Type" content="text/html;charset=utf-8" />
  <meta name='ocr-system' content='tesseract 3.04.00' />
  <meta name='ocr-capabilities' content='ocr_page ocr_carea ocr_par ocr_line ocrx_word'/>
</head>
<body>
  <div class='ocr_page' id='page_1' title='image "./institutionesju00marigoog_0312.png"; bbox 0 0 2530 4016; ppageno 0'>
   <div class='ocr_carea' id='block_1_1' title="bbox 404 301 1111 362">
    <p class='ocr_par' dir='ltr' id='par_1_1' title="bbox 404 301 1111 362">
     <span class='ocr_line' id='line_1_1' title="bbox 404 301 1111 362; baseline 0.017 -13"><span class='ocrx_word' id='word_1_1' title='bbox 404 305 450 356; x_wconf 71' lang='lat' dir='ltr'><strong>⁴un</strong></span> <span class='ocrx_word' id='word_1_2' title='bbox 470 304 598 350; x_wconf 76' lang='lat' dir='ltr'><strong>ceramo</strong></span> <span class='ocrx_word' id='word_1_3' title='bbox 618 306 700 352; x_wconf 78' lang='lat' dir='ltr'><strong>runis</strong></span> <span class='ocrx_word' id='word_1_4' title='bbox 722 306 877 355; x_wconf 78' lang='lat' dir='ltr'><strong>cmourcr.</strong></span> <span class='ocrx_word' id='word_1_5' title='bbox 1001 311 1007 322; x_wconf 92' lang='grc'><strong><em>·</em></strong></span> <span class='ocrx_word' id='word_1_6' title='bbox 1052 301 1111 362; x_wconf 76' lang='lat'><strong>305</strong></span> 
     </span>
    </p>
   </div>
   <div class='ocr_carea' id='block_1_2' title="bbox 110 448 1113 1873">
    <p class='ocr_par' dir='ltr' id='par_1_2' title="bbox 180 448 1113 1086">
     <span class='ocr_line' id='line_1_2' title="bbox 182 448 1113 531; baseline 0.006 -19"><span class='ocrx_word' id='word_1_7' title='bbox 182 449 362 513; x_wconf 74' lang='lat' dir='ltr'><strong>barbariam</strong></span> <span class='ocrx_word' id='word_1_8' title='bbox 382 465 498 529; x_wconf 76' lang='lat' dir='ltr'><strong>magua</strong></span> <span class='ocrx_word' id='word_1_9' title='bbox 512 467 550 510; x_wconf 88' lang='lat' dir='ltr'><strong>ex</strong></span> <span class='ocrx_word' id='word_1_10' title='bbox 572 454 661 528; x_wconf 85' lang='lat' dir='ltr'><strong>parte</strong></span> <span class='ocrx_word' id='word_1_11' title='bbox 683 448 852 513; x_wconf 79' lang='lat' dir='ltr'><strong>devastate</strong></span> <span class='ocrx_word' id='word_1_12' title='bbox 872 451 1008 531; x_wconf 83' lang='lat' dir='ltr'><strong>fueraut,</strong></span> <span class='ocrx_word' id='word_1_13' title='bbox 1030 455 1113 518; x_wconf 88' lang='lat' dir='ltr'><strong>elan·</strong></span> 
     </span>
     <span class='ocr_line' id='line_1_3' title="bbox 181 544 1112 626; baseline 0.005 -18"><span class='ocrx_word' id='word_1_14' title='bbox 181 545 307 626; x_wconf 78' lang='lat' dir='ltr'><strong>gneriut</strong></span> <span class='ocrx_word' id='word_1_15' title='bbox 321 544 458 607; x_wconf 90' lang='lat' dir='ltr'><strong>omnino.</strong></span> <span class='ocrx_word' id='word_1_16' title='bbox 475 546 554 606; x_wconf 92' lang='lat' dir='ltr'><strong>Nam</strong></span> <span class='ocrx_word' id='word_1_17' title='bbox 568 548 656 608; x_wconf 86' lang='lat' dir='ltr'><strong>tanta</strong></span> <span class='ocrx_word' id='word_1_18' title='bbox 669 545 728 609; x_wconf 89' lang='lat' dir='ltr'><strong>fuit</strong></span> <span class='ocrx_word' id='word_1_19' title='bbox 741 546 827 608; x_wconf 85' lang='lat' dir='ltr'><strong>tama</strong></span> <span class='ocrx_word' id='word_1_20' title='bbox 840 547 966 608; x_wconf 89' lang='lat' dir='ltr'><strong>illarum</strong></span> <span class='ocrx_word' id='word_1_21' title='bbox 977 549 1112 613; x_wconf 90' lang='lat' dir='ltr'><strong>duarum</strong></span> 
     </span>
     <span class='ocr_line' id='line_1_4' title="bbox 181 637 1109 720; baseline 0.005 -18"><span class='ocrx_word' id='word_1_22' title='bbox 181 637 426 714; x_wconf 79' lang='lat' dir='ltr'><strong>academiarum,</strong></span> <span class='ocrx_word' id='word_1_23' title='bbox 452 643 487 698; x_wconf 96' lang='grc' dir='ltr'><strong>ιιι</strong></span> <span class='ocrx_word' id='word_1_24' title='bbox 505 639 625 700; x_wconf 86' lang='lat' dir='ltr'><strong>caetcrae</strong></span> <span class='ocrx_word' id='word_1_25' title='bbox 646 638 762 702; x_wconf 88' lang='lat' dir='ltr'><strong>scholae</strong></span> <span class='ocrx_word' id='word_1_26' title='bbox 786 641 1019 720; x_wconf 87' lang='lat' dir='ltr'><strong>quodammodo</strong></span> <span class='ocrx_word' id='word_1_27' title='bbox 1035 645 1109 708; x_wconf 89' lang='lat' dir='ltr'><strong>obs-</strong></span> 
     </span>
     <span class='ocr_line' id='line_1_5' title="bbox 183 732 1113 816; baseline 0.004 -18"><span class='ocrx_word' id='word_1_28' title='bbox 183 739 299 798; x_wconf 84' lang='lat' dir='ltr'><strong>curatae</strong></span> <span class='ocrx_word' id='word_1_29' title='bbox 313 732 439 810; x_wconf 72' lang='lat' dir='ltr'><strong>ineunt,</strong></span> <span class='ocrx_word' id='word_1_30' title='bbox 456 733 522 795; x_wconf 88' lang='lat' dir='ltr'><strong>sinc</strong></span> <span class='ocrx_word' id='word_1_31' title='bbox 536 735 662 796; x_wconf 88' lang='lat' dir='ltr'><strong>nomine</strong></span> <span class='ocrx_word' id='word_1_32' title='bbox 674 734 832 814; x_wconf 74' lang='lat' dir='ltr'><strong>jacuerint</strong></span> <span class='ocrx_word' id='word_1_33' title='bbox 841 739 872 800; x_wconf 91' lang='lat' dir='ltr'><strong>ct</strong></span> <span class='ocrx_word' id='word_1_34' title='bbox 882 737 1026 816; x_wconf 78' lang='lat' dir='ltr'><strong>desertae,</strong></span> <span class='ocrx_word' id='word_1_35' title='bbox 1039 758 1113 802; x_wconf 89' lang='lat' dir='ltr'><strong>con-</strong></span> 
     </span>
     <span class='ocr_line' id='line_1_6' title="bbox 182 829 1113 908; baseline 0.006 -16"><span class='ocrx_word' id='word_1_36' title='bbox 182 829 361 908; x_wconf 79' lang='lat' dir='ltr'><strong>iugentibus</strong></span> <span class='ocrx_word' id='word_1_37' title='bbox 375 829 523 895; x_wconf 82' lang='lat' dir='ltr'><strong>studiosis</strong></span> <span class='ocrx_word' id='word_1_38' title='bbox 541 830 686 892; x_wconf 89' lang='lat' dir='ltr'><strong>omnibus</strong></span> <span class='ocrx_word' id='word_1_39' title='bbox 700 831 751 893; x_wconf 85' lang='lat' dir='ltr'><strong>vel</strong></span> <span class='ocrx_word' id='word_1_40' title='bbox 765 832 940 896; x_wconf 85' lang='lat' dir='ltr'><strong>Bononiam</strong></span> <span class='ocrx_word' id='word_1_41' title='bbox 953 834 1004 896; x_wconf 83' lang='lat' dir='ltr'><strong>vel</strong></span> <span class='ocrx_word' id='word_1_42' title='bbox 1018 837 1113 898; x_wconf 86' lang='lat' dir='ltr'><strong>Lute-</strong></span> 
     </span>
     <span class='ocr_line' id='line_1_7' title="bbox 180 926 1112 1007; baseline 0.008 -19"><span class='ocrx_word' id='word_1_43' title='bbox 180 926 258 988; x_wconf 90' lang='lat' dir='ltr'><strong>tiam</strong></span> <span class='ocrx_word' id='word_1_44' title='bbox 272 926 472 1004; x_wconf 85' lang='lat' dir='ltr'><strong>Parisiorum,</strong></span> <span class='ocrx_word' id='word_1_45' title='bbox 489 932 524 988; x_wconf 93' lang='lat' dir='ltr'><strong>nt</strong></span> <span class='ocrx_word' id='word_1_46' title='bbox 543 926 587 988; x_wconf 92' lang='lat' dir='ltr'><strong>ibi</strong></span> <span class='ocrx_word' id='word_1_47' title='bbox 601 927 764 990; x_wconf 81' lang='lat' dir='ltr'><strong>valbones</strong></span> <span class='ocrx_word' id='word_1_48' title='bbox 784 934 879 1007; x_wconf 84' lang='lat' dir='ltr'><strong>artes,</strong></span> <span class='ocrx_word' id='word_1_49' title='bbox 895 931 947 993; x_wconf 88' lang='lat' dir='ltr'><strong>vel</strong></span> <span class='ocrx_word' id='word_1_50' title='bbox 966 932 1112 995; x_wconf 85' lang='lat' dir='ltr'><strong>scientias</strong></span> 
     </span>
     <span class='ocr_line' id='line_1_8' title="bbox 181 1023 486 1086; baseline 0.003 -1"><span class='ocrx_word' id='word_1_51' title='bbox 181 1023 323 1086; x_wconf 80' lang='lat' dir='ltr'><strong>valerent</strong></span> <span class='ocrx_word' id='word_1_52' title='bbox 336 1023 486 1086; x_wconf 86' lang='lat' dir='ltr'><strong>ediscere.</strong></span> 
     </span>
    </p>

    <p class='ocr_par' dir='ltr' id='par_1_3' title="bbox 110 1118 1112 1873">
     <span class='ocr_line' id='line_1_9' title="bbox 221 1118 1110 1201; baseline 0.006 -20"><span class='ocrx_word' id='word_1_53' title='bbox 221 1119 325 1182; x_wconf 90' lang='lat' dir='ltr'><strong>Primo</strong></span> <span class='ocrx_word' id='word_1_54' title='bbox 358 1119 453 1199; x_wconf 79' lang='lat' dir='ltr'><strong>igitur</strong></span> <span class='ocrx_word' id='word_1_55' title='bbox 484 1118 665 1199; x_wconf 83' lang='lat' dir='ltr'><strong>hujusmodi</strong></span> <span class='ocrx_word' id='word_1_56' title='bbox 698 1121 915 1184; x_wconf 83' lang='lat' dir='ltr'><strong>universitates</strong></span> <span class='ocrx_word' id='word_1_57' title='bbox 943 1124 1110 1201; x_wconf 87' lang='lat' dir='ltr'><strong>pontificiis</strong></span> 
     </span>
     <span class='ocr_line' id='line_1_10' title="bbox 180 1214 1112 1298; baseline 0.006 -22"><span class='ocrx_word' id='word_1_58' title='bbox 180 1214 310 1277; x_wconf 91' lang='lat' dir='ltr'><strong>indultis</strong></span> <span class='ocrx_word' id='word_1_59' title='bbox 329 1214 460 1277; x_wconf 85' lang='lat' dir='ltr'><strong>redditae</strong></span> <span class='ocrx_word' id='word_1_60' title='bbox 476 1218 548 1278; x_wconf 90' lang='lat' dir='ltr'><strong>sunt</strong></span> <span class='ocrx_word' id='word_1_61' title='bbox 569 1219 721 1295; x_wconf 86' lang='lat' dir='ltr'><strong>exemptae</strong></span> <span class='ocrx_word' id='word_1_62' title='bbox 736 1234 755 1276; x_wconf 90' lang='lat' dir='ltr'><strong>a</strong></span> <span class='ocrx_word' id='word_1_63' title='bbox 773 1217 968 1296; x_wconf 84' lang='lat' dir='ltr'><strong>singulorum</strong></span> <span class='ocrx_word' id='word_1_64' title='bbox 990 1220 1112 1298; x_wconf 84' lang='lat' dir='ltr'><strong>episoc-</strong></span> 
     </span>
     <span class='ocr_line' id='line_1_11' title="bbox 180 1309 1111 1392; baseline 0.005 -21"><span class='ocrx_word' id='word_1_65' title='bbox 180 1328 293 1392; x_wconf 90' lang='lat' dir='ltr'><strong>porum</strong></span> <span class='ocrx_word' id='word_1_66' title='bbox 303 1309 518 1391; x_wconf 86' lang='lat' dir='ltr'><strong>jurisdictione</strong></span> <span class='ocrx_word' id='word_1_67' title='bbox 531 1313 685 1390; x_wconf 88' lang='lat' dir='ltr'><strong>tanquam</strong></span> <span class='ocrx_word' id='word_1_68' title='bbox 703 1327 837 1389; x_wconf 90' lang='lat' dir='ltr'><strong>corpora</strong></span> <span class='ocrx_word' id='word_1_69' title='bbox 851 1316 1015 1392; x_wconf 87' lang='lat' dir='ltr'><strong>exempta,</strong></span> <span class='ocrx_word' id='word_1_70' title='bbox 1035 1315 1111 1376; x_wconf 89' lang='lat' dir='ltr'><strong>illis-</strong></span> 
     </span>
     <span class='ocr_line' id='line_1_12' title="bbox 182 1407 1112 1489; baseline 0.004 -21"><span class='ocrx_word' id='word_1_71' title='bbox 182 1426 242 1487; x_wconf 90' lang='lat' dir='ltr'><strong>que</strong></span> <span class='ocrx_word' id='word_1_72' title='bbox 262 1407 394 1468; x_wconf 89' lang='lat' dir='ltr'><strong>collatus</strong></span> <span class='ocrx_word' id='word_1_73' title='bbox 413 1409 459 1470; x_wconf 90' lang='lat' dir='ltr'><strong>est</strong></span> <span class='ocrx_word' id='word_1_74' title='bbox 473 1407 702 1470; x_wconf 84' lang='lat' dir='ltr'><strong>ecclesiasticus</strong></span> <span class='ocrx_word' id='word_1_75' title='bbox 721 1407 923 1486; x_wconf 79' lang='lat' dir='ltr'><strong>magistratus</strong></span> <span class='ocrx_word' id='word_1_76' title='bbox 939 1409 973 1469; x_wconf 91' lang='lat' dir='ltr'><strong>in</strong></span> <span class='ocrx_word' id='word_1_77' title='bbox 987 1409 1112 1489; x_wconf 82' lang='lat' dir='ltr'><strong>singula</strong></span> 
     </span>
     <span class='ocr_line' id='line_1_13' title="bbox 182 1502 1112 1583; baseline 0 -19"><span class='ocrx_word' id='word_1_78' title='bbox 182 1502 320 1582; x_wconf 89' lang='lat' dir='ltr'><strong>corporis</strong></span> <span class='ocrx_word' id='word_1_79' title='bbox 348 1503 493 1566; x_wconf 89' lang='lat' dir='ltr'><strong>membra</strong></span> <span class='ocrx_word' id='word_1_80' title='bbox 519 1502 687 1583; x_wconf 89' lang='lat' dir='ltr'><strong>cujuslibet</strong></span> <span class='ocrx_word' id='word_1_81' title='bbox 721 1502 865 1564; x_wconf 87' lang='lat' dir='ltr'><strong>dioecesis</strong></span> <span class='ocrx_word' id='word_1_82' title='bbox 897 1503 948 1565; x_wconf 86' lang='lat' dir='ltr'><strong>vcl</strong></span> <span class='ocrx_word' id='word_1_83' title='bbox 976 1504 1112 1566; x_wconf 86' lang='lat' dir='ltr'><strong>nationis</strong></span> 
     </span>
     <span class='ocr_line' id='line_1_14' title="bbox 182 1598 1111 1681; baseline 0.004 -21"><span class='ocrx_word' id='word_1_84' title='bbox 182 1601 295 1660; x_wconf 88' lang='lat' dir='ltr'><strong>essent.</strong></span> <span class='ocrx_word' id='word_1_85' title='bbox 308 1602 348 1662; x_wconf 93' lang='lat' dir='ltr'><strong>Ut</strong></span> <span class='ocrx_word' id='word_1_86' title='bbox 357 1602 464 1662; x_wconf 89' lang='lat' dir='ltr'><strong>autem</strong></span> <span class='ocrx_word' id='word_1_87' title='bbox 473 1600 542 1666; x_wconf 82' lang='lat' dir='ltr'><strong>haec</strong></span> <span class='ocrx_word' id='word_1_88' title='bbox 549 1598 726 1678; x_wconf 86' lang='lat' dir='ltr'><strong>jurisdictio</strong></span> <span class='ocrx_word' id='word_1_89' title='bbox 738 1599 828 1663; x_wconf 83' lang='lat' dir='ltr'><strong>facile</strong></span> <span class='ocrx_word' id='word_1_90' title='bbox 838 1599 907 1680; x_wconf 82' lang='lat' dir='ltr'><strong>geri</strong></span> <span class='ocrx_word' id='word_1_91' title='bbox 915 1607 1032 1681; x_wconf 87' lang='lat' dir='ltr'><strong>posset,</strong></span> <span class='ocrx_word' id='word_1_92' title='bbox 1043 1602 1111 1666; x_wconf 81' lang='lat' dir='ltr'><strong>haec</strong></span> 
     </span>
     <span class='ocr_line' id='line_1_15' title="bbox 110 1695 1068 1778; baseline 0.005 -22"><span class='ocrx_word' id='word_1_93' title='bbox 110 1699 118 1710; x_wconf 86' lang='lat'>&#39;</span> <span class='ocrx_word' id='word_1_94' title='bbox 180 1695 239 1758; x_wconf 89' lang='lat' dir='ltr'><strong>fuit</strong></span> <span class='ocrx_word' id='word_1_95' title='bbox 250 1695 382 1758; x_wconf 89' lang='lat' dir='ltr'><strong>interior</strong></span> <span class='ocrx_word' id='word_1_96' title='bbox 395 1697 509 1759; x_wconf 91' lang='lat' dir='ltr'><strong>horum</strong></span> <span class='ocrx_word' id='word_1_97' title='bbox 520 1713 689 1775; x_wconf 87' lang='lat' dir='ltr'><strong>corporum</strong></span> <span class='ocrx_word' id='word_1_98' title='bbox 703 1696 871 1759; x_wconf 88' lang='lat' dir='ltr'><strong>moralium</strong></span> <span class='ocrx_word' id='word_1_99' title='bbox 885 1697 1046 1778; x_wconf 88' lang='lat' dir='ltr'><strong>dispositio</strong></span> <span class='ocrx_word' id='word_1_100' title='bbox 1062 1718 1068 1762; x_wconf 91' lang='lat'>:</span> 
     </span>
     <span class='ocr_line' id='line_1_16' title="bbox 219 1791 1112 1873; baseline 0.006 -22"><span class='ocrx_word' id='word_1_101' title='bbox 219 1791 368 1853; x_wconf 77' lang='lat' dir='ltr'><strong>Bononiae</strong></span> <span class='ocrx_word' id='word_1_102' title='bbox 396 1791 669 1871; x_wconf 84' lang='lat' dir='ltr'><strong>distinguebantur</strong></span> <span class='ocrx_word' id='word_1_103' title='bbox 698 1792 842 1873; x_wconf 88' lang='lat' dir='ltr'><strong>discipuli</strong></span> <span class='ocrx_word' id='word_1_104' title='bbox 874 1795 973 1856; x_wconf 87' lang='lat' dir='ltr'><strong>exteri</strong></span> <span class='ocrx_word' id='word_1_105' title='bbox 1002 1811 1112 1856; x_wconf 90' lang='lat' dir='ltr'><strong>secun·</strong></span> 
     </span>
    </p>
   </div>
   <div class='ocr_carea' id='block_1_3' title="bbox 179 1884 1111 2058">
    <p class='ocr_par' dir='ltr' id='par_1_4' title="bbox 179 1884 1111 2058">
     <span class='ocr_line' id='line_1_17' title="bbox 179 1884 1111 1966; baseline -0.001 -17"><span class='ocrx_word' id='word_1_106' title='bbox 179 1888 255 1949; x_wconf 89' lang='lat' dir='ltr'><strong>dum</strong></span> <span class='ocrx_word' id='word_1_107' title='bbox 268 1886 410 1948; x_wconf 88' lang='lat' dir='ltr'><strong>notiones</strong></span> <span class='ocrx_word' id='word_1_108' title='bbox 421 1887 454 1947; x_wconf 92' lang='lat' dir='ltr'><strong>in</strong></span> <span class='ocrx_word' id='word_1_109' title='bbox 467 1885 600 1949; x_wconf 90' lang='lat' dir='ltr'><strong>totidem</strong></span> <span class='ocrx_word' id='word_1_110' title='bbox 613 1886 760 1965; x_wconf 78' lang='lat' dir='ltr'><strong>collegia3</strong></span> <span class='ocrx_word' id='word_1_111' title='bbox 777 1884 846 1950; x_wconf 85' lang='lat' dir='ltr'><strong>haeo</strong></span> <span class='ocrx_word' id='word_1_112' title='bbox 856 1888 964 1948; x_wconf 85' lang='lat' dir='ltr'><strong>autem</strong></span> <span class='ocrx_word' id='word_1_113' title='bbox 978 1887 1111 1966; x_wconf 87' lang='lat' dir='ltr'><strong>coujun-</strong></span> 
     </span>
     <span class='ocr_line' id='line_1_18' title="bbox 180 1974 1111 2058; baseline -0.004 -18"><span class='ocrx_word' id='word_1_114' title='bbox 180 1977 335 2058; x_wconf 76' lang='lat' dir='ltr'><strong>gebantur</strong></span> <span class='ocrx_word' id='word_1_115' title='bbox 361 1975 394 2038; x_wconf 90' lang='lat' dir='ltr'><strong>in</strong></span> <span class='ocrx_word' id='word_1_116' title='bbox 422 1975 484 2038; x_wconf 90' lang='lat' dir='ltr'><strong>dno</strong></span> <span class='ocrx_word' id='word_1_117' title='bbox 507 1975 640 2056; x_wconf 82' lang='lat' dir='ltr'><strong>collegia</strong></span> <span class='ocrx_word' id='word_1_118' title='bbox 660 1974 833 2054; x_wconf 88' lang='lat' dir='ltr'><strong>ampliora,</strong></span> <span class='ocrx_word' id='word_1_119' title='bbox 857 1993 992 2055; x_wconf 87' lang='lat' dir='ltr'><strong>quorum</strong></span> <span class='ocrx_word' id='word_1_120' title='bbox 1013 1995 1111 2038; x_wconf 91' lang='lat' dir='ltr'><strong>unum</strong></span> 
     </span>
    </p>
   </div>
   <div class='ocr_carea' id='block_1_4' title="bbox 180 2070 1112 2438">
    <p class='ocr_par' dir='ltr' id='par_1_5' title="bbox 180 2070 1112 2438">
     <span class='ocr_line' id='line_1_19' title="bbox 181 2070 1112 2152; baseline -0.001 -18"><span class='ocrx_word' id='word_1_121' title='bbox 181 2071 464 2152; x_wconf 86' lang='lat' dir='ltr'><strong>comprehenderet</strong></span> <span class='ocrx_word' id='word_1_122' title='bbox 477 2089 586 2133; x_wconf 88' lang='lat' dir='ltr'><strong>omnes</strong></span> <span class='ocrx_word' id='word_1_123' title='bbox 600 2070 769 2150; x_wconf 91' lang='lat' dir='ltr'><strong>discipulos</strong></span> <span class='ocrx_word' id='word_1_124' title='bbox 778 2070 1037 2149; x_wconf 87' lang='lat' dir='ltr'><strong>ultramontanos,</strong></span> <span class='ocrx_word' id='word_1_125' title='bbox 1050 2071 1112 2133; x_wconf 88' lang='lat' dir='ltr'><strong>alia</strong></span> 
     </span>
     <span class='ocr_line' id='line_1_20' title="bbox 180 2164 1111 2250; baseline -0.002 -20"><span class='ocrx_word' id='word_1_126' title='bbox 180 2184 253 2230; x_wconf 85' lang='lat' dir='ltr'><strong>vero</strong></span> <span class='ocrx_word' id='word_1_127' title='bbox 281 2185 390 2230; x_wconf 85' lang='lat' dir='ltr'><strong>omnes</strong></span> <span class='ocrx_word' id='word_1_128' title='bbox 418 2167 694 2231; x_wconf 88' lang='lat' dir='ltr'><strong>citramontanos:</strong></span> <span class='ocrx_word' id='word_1_129' title='bbox 728 2164 977 2250; x_wconf 86' lang='lat' dir='ltr'><strong>unumquodque</strong></span> <span class='ocrx_word' id='word_1_130' title='bbox 1001 2184 1039 2228; x_wconf 85' lang='lat' dir='ltr'><strong>ex</strong></span> <span class='ocrx_word' id='word_1_131' title='bbox 1062 2167 1111 2228; x_wconf 90' lang='lat' dir='ltr'><strong>his</strong></span> 
     </span>
     <span class='ocr_line' id='line_1_21' title="bbox 180 2260 1112 2344; baseline -0.004 -16"><span class='ocrx_word' id='word_1_132' title='bbox 180 2264 320 2344; x_wconf 83' lang='lat' dir='ltr'><strong>collegiis</strong></span> <span class='ocrx_word' id='word_1_133' title='bbox 334 2265 456 2326; x_wconf 90' lang='lat' dir='ltr'><strong>duobus</strong></span> <span class='ocrx_word' id='word_1_134' title='bbox 469 2264 728 2344; x_wconf 84' lang='lat' dir='ltr'><strong>gubernabantur</strong></span> <span class='ocrx_word' id='word_1_135' title='bbox 746 2260 933 2323; x_wconf 68' lang='lat' dir='ltr'><strong>erectuans</strong></span> <span class='ocrx_word' id='word_1_136' title='bbox 947 2281 967 2324; x_wconf 88' lang='lat' dir='ltr'><strong>a</strong></span> <span class='ocrx_word' id='word_1_137' title='bbox 980 2279 1014 2323; x_wconf 88' lang='lat' dir='ltr'><strong>se</strong></span> <span class='ocrx_word' id='word_1_138' title='bbox 1033 2262 1112 2324; x_wconf 88' lang='lat' dir='ltr'><strong>elec-</strong></span> 
     </span>
     <span class='ocr_line' id='line_1_22' title="bbox 181 2357 1112 2438; baseline -0.005 -14"><span class='ocrx_word' id='word_1_139' title='bbox 181 2363 229 2425; x_wconf 87' lang='lat' dir='ltr'><strong>tis.</strong></span> <span class='ocrx_word' id='word_1_140' title='bbox 248 2363 316 2423; x_wconf 91' lang='lat' dir='ltr'><strong>Non</strong></span> <span class='ocrx_word' id='word_1_141' title='bbox 335 2360 469 2422; x_wconf 88' lang='lat' dir='ltr'><strong>absimili</strong></span> <span class='ocrx_word' id='word_1_142' title='bbox 487 2361 582 2423; x_wconf 93' lang='lat' dir='ltr'><strong>modo</strong></span> <span class='ocrx_word' id='word_1_143' title='bbox 603 2360 697 2422; x_wconf 89' lang='lat' dir='ltr'><strong>etiam</strong></span> <span class='ocrx_word' id='word_1_144' title='bbox 716 2357 842 2421; x_wconf 86' lang='lat' dir='ltr'><strong>Parisiis</strong></span> <span class='ocrx_word' id='word_1_145' title='bbox 862 2365 990 2438; x_wconf 89' lang='lat' dir='ltr'><strong>recepta</strong></span> <span class='ocrx_word' id='word_1_146' title='bbox 1004 2360 1051 2420; x_wconf 89' lang='lat' dir='ltr'><strong>est</strong></span> <span class='ocrx_word' id='word_1_147' title='bbox 1065 2359 1112 2419; x_wconf 93' lang='lat' dir='ltr'><strong>di-</strong></span> 
     </span>
    </p>
   </div>
   <div class='ocr_carea' id='block_1_5' title="bbox 180 2455 1237 2818">
    <p class='ocr_par' dir='ltr' id='par_1_6' title="bbox 180 2455 1237 2818">
     <span class='ocr_line' id='line_1_23' title="bbox 180 2455 1237 2548; baseline -0.006 -26"><span class='ocrx_word' id='word_1_148' title='bbox 180 2457 257 2522; x_wconf 88' lang='lat' dir='ltr'><strong>visio</strong></span> <span class='ocrx_word' id='word_1_149' title='bbox 271 2459 305 2518; x_wconf 92' lang='lat' dir='ltr'><strong>in</strong></span> <span class='ocrx_word' id='word_1_150' title='bbox 319 2458 472 2535; x_wconf 89' lang='lat' dir='ltr'><strong>nationes,</strong></span> <span class='ocrx_word' id='word_1_151' title='bbox 488 2458 533 2520; x_wconf 87' lang='lat' dir='ltr'><strong>ita</strong></span> <span class='ocrx_word' id='word_1_152' title='bbox 545 2460 652 2519; x_wconf 87' lang='lat' dir='ltr'><strong>tamen</strong></span> <span class='ocrx_word' id='word_1_153' title='bbox 667 2459 701 2519; x_wconf 94' lang='lat' dir='ltr'><strong>ut</strong></span> <span class='ocrx_word' id='word_1_154' title='bbox 715 2455 864 2536; x_wconf 83' lang='lat' dir='ltr'><strong>quelibet</strong></span> <span class='ocrx_word' id='word_1_155' title='bbox 873 2456 959 2517; x_wconf 86' lang='lat' dir='ltr'><strong>natio</strong></span> <span class='ocrx_word' id='word_1_156' title='bbox 970 2472 1111 2536; x_wconf 89' lang='lat' dir='ltr'><strong>compre·</strong></span> <span class='ocrx_word' id='word_1_157' title='bbox 1232 2535 1237 2548; x_wconf 84' lang='lat'>.</span> 
     </span>
     <span class='ocr_line' id='line_1_24' title="bbox 180 2550 1111 2633; baseline 0 -19"><span class='ocrx_word' id='word_1_158' title='bbox 180 2553 334 2615; x_wconf 89' lang='lat' dir='ltr'><strong>henderet</strong></span> <span class='ocrx_word' id='word_1_159' title='bbox 354 2552 447 2615; x_wconf 87' lang='lat' dir='ltr'><strong>simul</strong></span> <span class='ocrx_word' id='word_1_160' title='bbox 467 2554 533 2616; x_wconf 89' lang='lat' dir='ltr'><strong>sive</strong></span> <span class='ocrx_word' id='word_1_161' title='bbox 555 2553 733 2633; x_wconf 80' lang='lat' dir='ltr'><strong>magistros,</strong></span> <span class='ocrx_word' id='word_1_162' title='bbox 759 2553 825 2612; x_wconf 88' lang='lat' dir='ltr'><strong>sive</strong></span> <span class='ocrx_word' id='word_1_163' title='bbox 848 2550 1032 2631; x_wconf 81' lang='lat' dir='ltr'><strong>discipulos3</strong></span> <span class='ocrx_word' id='word_1_164' title='bbox 1055 2552 1111 2614; x_wconf 89' lang='lat' dir='ltr'><strong>sed</strong></span> 
     </span>
     <span class='ocr_line' id='line_1_25' title="bbox 181 2647 1111 2729; baseline -0.001 -19"><span class='ocrx_word' id='word_1_165' title='bbox 181 2648 320 2729; x_wconf 83' lang='lat' dir='ltr'><strong>magistri</strong></span> <span class='ocrx_word' id='word_1_166' title='bbox 335 2648 436 2711; x_wconf 89' lang='lat' dir='ltr'><strong>solum</strong></span> <span class='ocrx_word' id='word_1_167' title='bbox 450 2649 492 2711; x_wconf 90' lang='lat' dir='ltr'><strong>ad</strong></span> <span class='ocrx_word' id='word_1_168' title='bbox 506 2649 633 2712; x_wconf 87' lang='lat' dir='ltr'><strong>comitia</strong></span> <span class='ocrx_word' id='word_1_169' title='bbox 653 2647 858 2725; x_wconf 85' lang='lat' dir='ltr'><strong>vocabantur,</strong></span> <span class='ocrx_word' id='word_1_170' title='bbox 874 2647 930 2710; x_wconf 92' lang='lat' dir='ltr'><strong>uhi</strong></span> <span class='ocrx_word' id='word_1_171' title='bbox 944 2648 983 2710; x_wconf 87' lang='lat' dir='ltr'><strong>dc</strong></span> <span class='ocrx_word' id='word_1_172' title='bbox 1004 2648 1111 2728; x_wconf 86' lang='lat' dir='ltr'><strong>aliqua</strong></span> 
     </span>
     <span class='ocr_line' id='line_1_26' title="bbox 181 2744 1112 2818; baseline 0.002 -13"><span class='ocrx_word' id='word_1_173' title='bbox 181 2763 215 2806; x_wconf 92' lang='lat' dir='ltr'><strong>re</strong></span> <span class='ocrx_word' id='word_1_174' title='bbox 230 2744 469 2807; x_wconf 89' lang='lat' dir='ltr'><strong>deliberandum</strong></span> <span class='ocrx_word' id='word_1_175' title='bbox 482 2745 574 2807; x_wconf 89' lang='lat' dir='ltr'><strong>foret.</strong></span> <span class='ocrx_word' id='word_1_176' title='bbox 591 2747 653 2808; x_wconf 90' lang='lat' dir='ltr'><strong>Sed</strong></span> <span class='ocrx_word' id='word_1_177' title='bbox 667 2763 688 2806; x_wconf 89' lang='lat' dir='ltr'><strong>a</strong></span> <span class='ocrx_word' id='word_1_178' title='bbox 705 2744 821 2808; x_wconf 74' lang='lat' dir='ltr'><strong>seculo</strong></span> <span class='ocrx_word' id='word_1_179' title='bbox 838 2746 966 2808; x_wconf 90' lang='lat' dir='ltr'><strong>ineunte</strong></span> <span class='ocrx_word' id='word_1_180' title='bbox 985 2763 1043 2818; x_wconf 82' lang='grc' dir='ltr'>ιιιιι</span> <span class='ocrx_word' id='word_1_181' title='bbox 1061 2763 1112 2807; x_wconf 91' lang='lat' dir='ltr'><strong>re-</strong></span> 
     </span>
    </p>
   </div>
   <div class='ocr_carea' id='block_1_6' title="bbox 180 2839 1111 3496">
    <p class='ocr_par' dir='ltr' id='par_1_7' title="bbox 180 2839 1111 3285">
     <span class='ocr_line' id='line_1_27' title="bbox 182 2839 1110 2922; baseline 0.005 -21"><span class='ocrx_word' id='word_1_182' title='bbox 182 2843 272 2920; x_wconf 87' lang='lat' dir='ltr'><strong>cepta</strong></span> <span class='ocrx_word' id='word_1_183' title='bbox 285 2839 344 2902; x_wconf 81' lang='lat' dir='ltr'><strong>fuit</strong></span> <span class='ocrx_word' id='word_1_184' title='bbox 358 2840 513 2904; x_wconf 86' lang='lat' dir='ltr'><strong>distinctio</strong></span> <span class='ocrx_word' id='word_1_185' title='bbox 528 2840 560 2901; x_wconf 92' lang='lat' dir='ltr'><strong>in</strong></span> <span class='ocrx_word' id='word_1_186' title='bbox 572 2847 707 2922; x_wconf 90' lang='lat' dir='ltr'><strong>quatuor</strong></span> <span class='ocrx_word' id='word_1_187' title='bbox 721 2841 873 2918; x_wconf 74' lang='lat' dir='ltr'><strong>natones,</strong></span> <span class='ocrx_word' id='word_1_188' title='bbox 886 2841 1032 2904; x_wconf 83' lang='lat' dir='ltr'><strong>videlicet</strong></span> <span class='ocrx_word' id='word_1_189' title='bbox 1043 2841 1110 2906; x_wconf 81' lang='lat' dir='ltr'><strong>nei-</strong></span> 
     </span>
     <span class='ocr_line' id='line_1_28' title="bbox 181 2936 1111 3022; baseline -0.001 -25"><span class='ocrx_word' id='word_1_190' title='bbox 181 2936 284 3013; x_wconf 87' lang='lat' dir='ltr'><strong>licam,</strong></span> <span class='ocrx_word' id='word_1_191' title='bbox 300 2938 513 3000; x_wconf 86' lang='lat' dir='ltr'><strong>Britannicam</strong></span> <span class='ocrx_word' id='word_1_192' title='bbox 526 2955 582 3000; x_wconf 89' lang='lat' dir='ltr'><strong>seu</strong></span> <span class='ocrx_word' id='word_1_193' title='bbox 597 2938 825 3015; x_wconf 84' lang='lat' dir='ltr'><strong>Germanicam,</strong></span> <span class='ocrx_word' id='word_1_194' title='bbox 841 2938 1018 3013; x_wconf 87' lang='lat' dir='ltr'><strong>Picardam,</strong></span> <span class='ocrx_word' id='word_1_195' title='bbox 1035 2939 1111 3022; x_wconf 86' lang='lat' dir='ltr'><strong>Nor-</strong></span> 
     </span>
     <span class='ocr_line' id='line_1_29' title="bbox 181 3031 1111 3112; baseline 0 -20"><span class='ocrx_word' id='word_1_196' title='bbox 181 3046 340 3094; x_wconf 89' lang='lat' dir='ltr'><strong>mannam.</strong></span> <span class='ocrx_word' id='word_1_197' title='bbox 366 3031 503 3112; x_wconf 85' lang='lat' dir='ltr'><strong>Singulis</strong></span> <span class='ocrx_word' id='word_1_198' title='bbox 524 3033 703 3097; x_wconf 88' lang='lat' dir='ltr'><strong>nationibus</strong></span> <span class='ocrx_word' id='word_1_199' title='bbox 725 3036 883 3110; x_wconf 86' lang='lat' dir='ltr'><strong>praeerant</strong></span> <span class='ocrx_word' id='word_1_200' title='bbox 906 3031 1020 3110; x_wconf 86' lang='lat' dir='ltr'><strong>singuli</strong></span> <span class='ocrx_word' id='word_1_201' title='bbox 1037 3049 1111 3111; x_wconf 84' lang='lat' dir='ltr'><strong>pro-</strong></span> 
     </span>
     <span class='ocr_line' id='line_1_30' title="bbox 180 3126 1110 3208; baseline 0.002 -22"><span class='ocrx_word' id='word_1_202' title='bbox 180 3136 349 3205; x_wconf 81' lang='lat' dir='ltr'><strong>curatores,·</strong></span> <span class='ocrx_word' id='word_1_203' title='bbox 377 3131 513 3208; x_wconf 86' lang='lat' dir='ltr'><strong>quatuor</strong></span> <span class='ocrx_word' id='word_1_204' title='bbox 539 3130 759 3208; x_wconf 88' lang='lat' dir='ltr'><strong>procuratores</strong></span> <span class='ocrx_word' id='word_1_205' title='bbox 787 3126 949 3208; x_wconf 81' lang='lat' dir='ltr'><strong>eligebant</strong></span> <span class='ocrx_word' id='word_1_206' title='bbox 973 3133 1110 3188; x_wconf 82' lang='lat' dir='ltr'><strong>rectorem</strong></span> 
     </span>
     <span class='ocr_line' id='line_1_31' title="bbox 182 3221 403 3285; baseline 0.009 -3"><span class='ocrx_word' id='word_1_207' title='bbox 182 3221 403 3285; x_wconf 88' lang='lat' dir='ltr'><strong>universitatis.</strong></span> 
     </span>
    </p>

    <p class='ocr_par' dir='ltr' id='par_1_8' title="bbox 180 3316 1111 3496">
     <span class='ocr_line' id='line_1_32' title="bbox 222 3316 1111 3394; baseline 0.001 -15"><span class='ocrx_word' id='word_1_208' title='bbox 222 3318 371 3382; x_wconf 91' lang='lat' dir='ltr'><strong>Similiter</strong></span> <span class='ocrx_word' id='word_1_209' title='bbox 383 3317 416 3381; x_wconf 92' lang='lat' dir='ltr'><strong>in</strong></span> <span class='ocrx_word' id='word_1_210' title='bbox 438 3319 557 3381; x_wconf 90' lang='lat' dir='ltr'><strong>bonnm</strong></span> <span class='ocrx_word' id='word_1_211' title='bbox 580 3317 793 3394; x_wconf 89' lang='lat' dir='ltr'><strong>scientiarum,</strong></span> <span class='ocrx_word' id='word_1_212' title='bbox 819 3318 907 3380; x_wconf 90' lang='lat' dir='ltr'><strong>hisce</strong></span> <span class='ocrx_word' id='word_1_213' title='bbox 927 3316 1111 3381; x_wconf 83' lang='lat' dir='ltr'><strong>universita-</strong></span> 
     </span>
     <span class='ocr_line' id='line_1_33' title="bbox 180 3412 1111 3496; baseline 0 -22"><span class='ocrx_word' id='word_1_214' title='bbox 180 3412 265 3474; x_wconf 90' lang='lat' dir='ltr'><strong>tibus</strong></span> <span class='ocrx_word' id='word_1_215' title='bbox 276 3414 670 3496; x_wconf 77' lang='lat' dir='ltr'><strong>indulgcruntfacultatem</strong></span> <span class='ocrx_word' id='word_1_216' title='bbox 679 3412 814 3476; x_wconf 90' lang='lat' dir='ltr'><strong>docendi</strong></span> <span class='ocrx_word' id='word_1_217' title='bbox 824 3431 881 3494; x_wconf 89' lang='lat' dir='ltr'><strong>per</strong></span> <span class='ocrx_word' id='word_1_218' title='bbox 890 3415 991 3476; x_wconf 88' lang='lat' dir='ltr'><strong>totum</strong></span> <span class='ocrx_word' id='word_1_219' title='bbox 1001 3413 1111 3475; x_wconf 90' lang='lat' dir='ltr'><strong>orbem</strong></span> 
     </span>
    </p>
   </div>
   <div class='ocr_carea' id='block_1_7' title="bbox 182 3509 1110 3594">
    <p class='ocr_par' dir='ltr' id='par_1_9' title="bbox 182 3509 1110 3594">
     <span class='ocr_line' id='line_1_34' title="bbox 182 3509 1110 3594; baseline -0.013 -11"><span class='ocrx_word' id='word_1_220' title='bbox 182 3510 388 3582; x_wconf 66' lang='lat' dir='ltr'><strong>chlt&#39;stianum</strong></span> <span class='ocrx_word' id='word_1_221' title='bbox 401 3511 440 3576; x_wconf 86' lang='lat' dir='ltr'><strong>iis</strong></span> <span class='ocrx_word' id='word_1_222' title='bbox 453 3509 588 3576; x_wconf 78' lang='lat' dir='ltr'><strong>alumnis</strong></span> <span class='ocrx_word' id='word_1_223' title='bbox 607 3513 662 3594; x_wconf 89' lang='lat' dir='ltr'><strong>qui</strong></span> <span class='ocrx_word' id='word_1_224' title='bbox 677 3512 711 3575; x_wconf 90' lang='lat' dir='ltr'><strong>in</strong></span> <span class='ocrx_word' id='word_1_225' title='bbox 728 3510 841 3576; x_wconf 87' lang='lat' dir='ltr'><strong>iisdem</strong></span> <span class='ocrx_word' id='word_1_226' title='bbox 855 3510 1110 3576; x_wconf 85' lang='lat' dir='ltr'><strong>universitatibus</strong></span> 
     </span>
    </p>
   </div>
   <div class='ocr_carea' id='block_1_8' title="bbox 0 0 1270 4016">
    <p class='ocr_par' dir='ltr' id='par_1_10' title="bbox 0 0 1270 4016">
     <span class='ocr_line' id='line_1_35' title="bbox 0 0 1270 4016; baseline 0 0"><span class='ocrx_word' id='word_1_227' title='bbox 0 0 1270 4016; x_wconf 95' lang='lat' dir='ltr'><strong> </strong></span> 
     </span>
    </p>
   </div>
  </div>
 </body>
</html>
