2548 4020
198 296 255 354 186
404 305 735 353 1nsu1rur10uasoun1s
757 307 912 354 canorum.

196 456 310 517 statum
327 455 514 532 perpetuum
535 448 700 526 individui,
725 452 756 511 et
777 452 824 512 est
847 449 1036 514 difficillimae
1061 452 1127 514 dis-

195 548 405 630 pensationis3
422 549 532 608 contra
546 545 658 607 accidit
675 545 708 606 in
722 545 803 607 votis
817 546 1020 624 simplicibus.

233 645 323 708 Unde
338 644 469 704 firmitas
484 642 628 722 quaedam
643 644 709 702 tum
728 642 813 719 apud
832 643 941 718 Deum,
957 649 1026 704 tum
1039 645 1126 724 apud

194 741 376 817 Ecclesiam,
393 740 537 818 provenit
550 737 630 798 votis
645 736 846 813 solemnibus,
866 739 897 798 et
910 739 1057 818 quedam
1070 758 1124 818 pe-

194 838 318 901 culiaris
338 834 612 913 incompatibilitas
627 837 658 894 et
677 834 884 913 repugnantia
897 835 963 897 voti
975 835 1125 898 solemnis

193 931 344 996 castitatis
359 937 391 991 et
404 935 503 994 status
518 929 701 1009 conjugalis.

232 1029 308 1090 Inda
323 1025 487 1088 considera
501 1026 658 1106 quomodo
674 1044 746 1086 cum
761 1029 833 1088 voto
855 1028 986 1088 solemni
1000 1029 1124 1090 castita-

192 1127 231 1188 tis
254 1128 454 1203 comparatur
477 1123 555 1184 ordo
578 1140 676 1200 sacer,
704 1123 758 1202 qui
782 1123 939 1191 etiamad
964 1124 1125 1205 quoddam

192 1221 262 1284 vitae
277 1237 376 1300 genus
391 1236 499 1279 coram
508 1219 572 1277 Deo
584 1223 615 1277 et
625 1235 731 1278 coram
741 1218 892 1294 Ecclesia,
904 1218 944 1279 ad
954 1220 1127 1298 quemdam

191 1319 307 1378 statum
328 1314 529 1375 immobiliter
549 1313 739 1375 servendum
762 1313 959 1392 determinat,
976 1315 1029 1394 qui
1050 1315 1125 1378 vitae

191 1416 290 1475 status
311 1415 358 1474 est
378 1410 619 1488 incompatibilia
647 1427 719 1470 cum
739 1410 949 1472 matrimonio.
975 1413 1053 1472 Cum
1075 1429 1125 1472 so-

190 1509 285 1572 lemni
308 1512 414 1569 autem
436 1512 508 1570 voto
534 1506 686 1568 castitatis
706 1524 769 1568 non
790 1511 992 1587 comparatur
1013 1511 1125 1570 votum

190 1604 322 1683 simplex
336 1603 497 1679 castitatis,
515 1603 599 1683 quod
615 1603 766 1665 emittitur
779 1605 811 1664 in
830 1605 899 1664 aliis
917 1604 1124 1683 religionibus

189 1701 291 1760 minus
313 1698 493 1760 solemniter
507 1698 547 1758 ab
566 1699 707 1760 Ecclesia
727 1699 919 1778 approbatis,
941 1700 1063 1779 quinia
1083 1700 1124 1760 iis

143 1805 145 1811 '
189 1810 250 1854 non
266 1794 310 1853 sic
324 1792 551 1853 determinatur
562 1791 1038 1873 etdeligiturperpetuusstatus
1048 1812 1123 1873 per-

189 1906 285 1965 sonae,
302 1889 383 1950 sicut
395 1889 428 1948 in
443 1888 574 1948 solemni
587 1889 792 1967 professione.

228 1987 259 2044 2⁰
279 1985 395 2047 Votum
409 1983 548 2044 solemne
562 1982 714 2045 castitatis
729 1984 814 2063 quod
828 1982 979 2046 emittitur
994 1981 1028 2042 in
1046 1998 1124 2060 pro-

189 2081 322 2142 fessione
343 2079 501 2160 religiosa,
517 2080 648 2158 reperiri
664 2080 758 2142 debet
776 2098 900 2160 semper
919 2080 1124 2162 conjunctum

188 2194 261 2238 cum
275 2180 347 2238 voto
363 2176 556 2255 paupertatis
571 2183 603 2236 et
617 2175 814 2254 obedientiae,
826 2180 986 2256 perpetuae
996 2175 1125 2238 cuidam

187 2275 317 2354 regulae,
335 2291 410 2352 cum,
430 2272 568 2353 quadam
588 2273 682 2350 plena
704 2273 911 2352 expoliatione
933 2277 963 2335 et
977 2272 1124 2335 absoluta

187 2369 429 2444 renuntiatione,
446 2371 477 2444 ct
496 2368 747 2447 expropriatioue
768 2370 903 2448 propriae
924 2386 1066 2448 personae
1086 2369 1123 2430 iu

186 2465 327 2527 favorem
341 2465 477 2544 regulae3
493 2464 537 2526 ita
551 2470 586 2526 ut
600 2465 757 2544 professus
772 2483 836 2526 uon
854 2465 971 2526 habeat
983 2465 1121 2543 amplius

186 2560 232 2622 sui
248 2561 398 2637 corporis,
422 2561 633 2638 suimetipsius
655 2564 854 2640 potestatem,
876 2561 931 2624 sed
946 2560 1063 2640 regulae
1079 2560 1123 2622 sit

184 2659 336 2732 perpetuo
360 2654 576 2732 mancipatus:
604 2656 688 2734 quod
715 2656 858 2718 absolute
883 2655 1121 2735 incompatibilc

185 2752 232 2811 cst
246 2767 317 2809 cum
331 2751 413 2810 statu
424 2750 657 2813 matrimoniali.

224 2845 299 2906 Haec
312 2844 418 2905 omnia
432 2845 654 2910 desiderantur
671 2847 703 2909 in
722 2851 794 2910 voto
809 2847 943 2926 simplici
957 2849 1119 2926 perpetum

184 2941 345 3018 castitatis,
368 2945 398 3004 et
412 2943 439 3003 si
453 2942 679 3022 aliquantisper
692 2944 892 3005 inveniantur
905 2945 938 3005 in
952 2943 1033 3006 votis
1043 2943 1121 3002 sim-

182 3038 316 3118 plicibus
336 3056 405 3118 quae
426 3038 611 3100 emittuntur
627 3040 660 3099 in
677 3039 869 3118 professione
888 3041 1045 3119 religiosa,
1063 3038 1120 3100 ubi

183 3132 291 3211 religio
307 3150 369 3193 non
386 3136 432 3194 est
446 3131 621 3212 approbata
631 3151 703 3194 oum
713 3133 860 3196 facultate
871 3133 1034 3196 emittendi
1044 3137 1120 3194 vota

182 3227 346 3304 solemnia,
370 3245 443 3288 cum
464 3235 572 3289 votum
590 3229 731 3308 simplex,
749 3233 784 3291 ut
804 3248 899 3308 supra
920 3231 1117 3305 dicebamus,

182 3338 245 3380 non
260 3323 304 3381 sic
325 3322 468 3385 absolute
484 3323 613 3386 definiet
627 3328 743 3386 statum
756 3343 900 3405 personae
914 3327 996 3388 sicut
1007 3329 1120 3387 votum

182 3415 331 3491 solemne,
353 3436 548 3498 consequens
569 3424 664 3482 estut
682 3421 736 3482 illa
750 3423 895 3485 absoluta
913 3427 944 3484 ct
962 3425 1119 3502 perpetua

181 3510 360 3574 inhabilitas
375 3519 406 3577 et
420 3517 713 3595 incompossibilitss
729 3538 792 3582 nou
807 3521 990 3600 reperiatur.
