2476 4022
365 217 403 262 nn
426 215 555 262 cessuro
575 215 657 262 rcus
679 213 835 260 oaaorrcr.
1027 199 1064 258 lt

131 361 350 424 excelluerunt
368 360 452 438 quod
471 358 598 420 admissi
618 359 680 421 sint
698 358 739 420 ad
758 358 931 420 solemnem
949 359 1065 436 baptis·

130 459 228 522 matis
244 460 452 522 collationem.
470 457 623 520 Ordiaorii
640 462 746 521 autem
765 460 859 539 hujus
877 459 1065 520 sacramenti

134 551 270 616 ministri
288 552 493 634 praesbyteri,
517 557 549 612 et
566 553 665 616 multo
686 551 787 631 magis
807 552 945 632 episcopi
966 551 1066 615 habiti

134 655 219 715 sunt.
286 712 288 715 ,

176 752 240 814 Sed
254 751 342 812 vario
356 749 451 810 modo
465 748 526 809 hoc
540 765 655 808 munus
668 746 877 824 impleverunt
890 766 947 826 pro
966 751 1069 812 varia·

137 853 201 912 tate
216 849 400 928 disciplina.
416 850 594 926 Antequam
608 847 640 906 in
654 845 784 926 singulis
800 845 988 914 dioecesibus
998 854 1067 916 aliae

140 948 301 1029 erigentur
315 946 465 1021 ecclesiae,
477 949 593 1024 prater
602 944 826 1023 cathedralem,
839 947 929 1010 sicuti
942 949 995 1010 alii
1007 968 1069 1011 non

96 1053 98 1060 '
141 1049 228 1108 erant
242 1047 276 1106 in
290 1043 479 1106 dioecesibus
500 1043 676 1104 animarum
696 1047 838 1121 pastores
855 1051 970 1123 prater
988 1048 1071 1126 epis-

142 1159 246 1220 copos,
263 1142 308 1203 ita
325 1141 365 1202 de
387 1139 524 1220 episcopi
544 1139 762 1202 commissione
781 1141 968 1218 presbyteri,
990 1143 1072 1205 siout

142 1239 215 1313 alia,
241 1239 288 1300 ita
306 1239 337 1298 et
355 1237 415 1298 hoo
436 1239 663 1297 sacramentam
684 1236 771 1297 velut
791 1237 850 1297 sub
870 1238 952 1298 illius
974 1239 1072 1300 oculis

143 1335 355 1396 conferebant.
380 1336 421 1398 At
447 1339 652 1412 posteaquam
676 1333 745 1394 aliis
771 1335 945 1396 constitutis
973 1338 1073 1398 ecole-

144 1431 205 1507 siis,
231 1431 377 1492 dioecesis
390 1430 477 1492 velut
496 1430 528 1490 in
551 1433 598 1492 tot
620 1429 785 1491 familiolae
808 1429 986 1508 spirituales
1009 1433 1074 1493 dis-

146 1527 239 1590 tincta
249 1530 298 1589 est
312 1530 388 1607 quot
413 1526 480 1588 sive
509 1527 540 1586 in
564 1527 664 1604 pagis,
688 1527 754 1588 sive
768 1527 801 1587 in
815 1526 946 1588 urbibus
961 1532 1072 1590 erectae

146 1627 214 1684 sunt
248 1623 427 1702 parochiae,
464 1641 534 1701 quae
568 1623 655 1683 velut
686 1641 777 1682 suum
807 1626 930 1700 patrem
966 1624 1074 1685 imme·

145 1717 264 1780 dietum
298 1718 512 1797 agnoscebant
544 1719 763 1796 presbyterum
790 1719 830 1780 ab
856 1719 1003 1798 episcopo
1032 1720 1074 1802 ad

146 1813 324 1894 parochiale
352 1833 467 1876 munus
496 1814 703 1888 destinatum,
739 1815 954 1894 unusquisque
991 1815 1074 1877 videt

146 1911 322 1989 quomodo,
352 1910 439 1972 salvo
474 1915 621 1970 manente
656 1910 794 1990 episcopi
818 1910 901 1989 jure,
932 1910 1076 1972 debuerit

147 2004 240 2086 hujus
258 2006 448 2068 sacramenti
470 2005 698 2067 administratio
720 2006 931 2086 parochorum
953 2006 1076 2068 muneri

26 2127 28 2178 l
147 2099 293 2176 adscribi,
317 2106 353 2160 ut
373 2100 417 2161 ita
439 2099 589 2160 familiam
614 2099 705 2178 eujus
728 2102 818 2160 erant
840 2103 957 2176 patres,
982 2118 1077 2179 gene·

148 2196 245 2257 rande
261 2201 485 2274 propagarent,
502 2213 560 2255 nec
579 2194 632 2256 alii
652 2194 837 2272 praesbyteri
858 2194 916 2253 msi
935 2195 974 2255 de
994 2194 1076 2272 epis-

149 2291 217 2370 copi
239 2291 290 2352 vel
311 2291 440 2370 parochi
461 2291 554 2352 venia
577 2290 617 2351 ad
639 2291 699 2350 hoc
720 2292 951 2350 sacramentum
971 2291 1077 2350 minis·

149 2385 296 2448 trandum
330 2385 580 2448 admitterentur.
617 2387 692 2446 llaeo
725 2382 874 2445 facillima
908 2386 991 2457 sunt,
1021 2382 1077 2443 sed

137 2481 276 2560 'gravior
289 2498 346 2542 nos
361 2486 466 2546 manet
480 2479 611 2560 quaestio
630 2478 670 2539 de
689 2479 727 2539 iis
749 2478 802 2558 qui
819 2479 864 2540 'ad
883 2479 1078 2558 Baptismum

152 2577 265 2639 debent
279 2575 413 2653 admitti,
429 2575 577 2646 videlicet
592 2592 599 2636 t
616 2577 661 2635 De
676 2574 836 2655 subjectis.

461 2730 495 2774 11.
508 2731 540 2784 De
550 2731 648 2788 subjecto
660 2732 770 2787 baptismi,

187 2853 240 2914 ΙΙΙ.
269 2841 530 2930 Quandoquidem
557 2849 731 2926 baptismus
757 2850 804 2908 est
835 2846 874 2907 de
896 2843 1080 2905 necessitate

154 2948 248 3009 medii
261 2947 456 3024 adsalutem,
479 2964 570 3007 nemo
586 2964 624 3006 ex
639 2944 695 3004 Dei
709 2942 925 3005 misericordia
943 2939 984 3000 ab
998 2938 1081 2998 illius

154 3045 390 3122 participatione
404 3043 599 3104 excluditur:
618 3041 763 3102 omnibus
777 3041 865 3117 patet
879 3036 919 3098 ad
935 3035 1078 3096 salutem.

156 3141 323 3219 Propterea
348 3139 462 3200 docent
488 3137 645 3216 theologi,
680 3134 779 3196 eredit
806 3133 946 3193 llcolesia
974 3148 1082 3191 omnes

156 3235 295 3298 homines
309 3234 375 3296 sive
389 3233 533 3309 infantes,
550 3233 616 3294 sive
631 3230 765 3310 adultae,
783 3227 836 3306 qui
853 3227 920 3307 jam
933 3224 1081 3306 baptizat

158 3346 216 3390 non
230 3329 305 3404 sint,
329 3347 397 3390 esse
417 3326 595 3407 subjectum
616 3326 766 3387 idoneum
786 3320 983 3401 baptismatis
1004 3319 1084 3380 reei-

158 3422 271 3500 piendi.
289 3423 490 3486 cohaerenter
505 3421 547 3482 ad
562 3421 642 3482 hano
657 3419 753 3480 tidem
762 3418 909 3479 Ecclesia
921 3413 1085 3492 disciplina
