2530 4016
413 323 452 366 nn
474 321 604 368 eernere
624 323 706 368 rums
729 322 883 369 cruorum.
1055 309 1113 368 303

182 470 214 527 4⁰
229 463 416 526 Seminaria.
435 462 525 524 Hisce
540 463 643 525 forent
657 464 894 525 annumeranda
905 465 1112 546 institutapro

182 559 378 624 institutione
393 560 580 638 puellarum,
598 560 704 640 qualia
718 562 791 622 sunt
804 563 1047 641 conservatoria,
1064 566 1114 626 vel

181 658 252 719 loca
266 653 504 718 'educandorum
529 657 728 730 earumdem3
746 656 986 718 sedhrevitatis
1011 659 1114 737 gratia

181 756 235 818 illa
249 755 403 831 omittam,
421 759 452 817 et
466 756 567 816 solum
580 754 650 815 illas
664 757 799 834 quatuor
813 753 980 833 praedictas
993 754 1113 818 institu-

181 852 283 914 tiones
297 867 355 929 per
368 849 512 911 ordinem
525 853 704 929 temporum
717 848 875 911 indicabo.

510 1026 532 1072 1.
542 1027 626 1072 Scholoe
638 1027 789 1084 capitulorum.

222 1139 275 1200 IX.
285 1138 393 1200 (lemae
407 1137 531 1199 scholas
545 1138 619 1199 olim
633 1137 728 1199 luisse
742 1138 775 1198 in
790 1138 1022 1201 cathedralibus
1036 1158 1115 1219 prae-

182 1234 290 1296 sertim
316 1232 466 1311 ecclesiis,
484 1233 696 1295 ecelesiastica
717 1234 887 1312 antiquitas
905 1233 1008 1297 dccet.
1024 1235 1116 1297 Insti-

181 1329 350 1392 tuebantur
362 1329 395 1389 in
409 1329 448 1390 iis
466 1329 570 1390 clerici
591 1329 734 1410 juniores
753 1329 785 1389 in
809 1329 923 1390 divinis
943 1329 1068 1406 litteris,
1082 1331 1115 1391 in

182 1426 272 1488 honis
296 1421 426 1502 artibus,
450 1442 520 1506 quae
550 1424 728 1486 divinarum
754 1424 930 1487 litterarum
952 1425 1116 1488 scientiam

183 1524 371 1602 promouent
393 1525 424 1583 et
444 1521 567 1602 juvant,
594 1521 670 1584 item
691 1521 781 1596 iniis
801 1522 868 1582 sine
893 1521 1007 1601 quihus
1025 1521 1116 1584 disci-

182 1613 269 1697 plina
282 1615 493 1678 ecclesiastica
514 1617 684 1678 consistere
706 1617 834 1678 minime
849 1619 982 1695 poterat.
1003 1619 1117 1678 llxem-

183 1714 234 1794 plo
251 1712 492 1789 cathedralium,
509 1712 630 1774 scholae'
646 1731 771 1794 quoque
786 1713 935 1775 instituta
954 1711 1117 1792 aequabili-

185 1815 234 1872 ter
247 1807 375 1869 fuerunt
389 1807 420 1868 in
436 1808 619 1888 collegiatis,
636 1807 732 1870 immo
748 1812 778 1871 et
792 1809 830 1868 in·
837 1808 1038 1888 simplicibus
1047 1809 1118 1888 qui-

185 1904 319 1967 busdam
347 1904 486 1986 ecclesiis
502 1903 615 1984 quibus
635 1905 738 1966 certus
757 1905 943 1965 elericorum
966 1921 1116 1965 numerus

185 1999 361 2080 adscriptus
377 2002 469 2061 esset.

223 2094 306 2172 lingo
328 2095 443 2170 praeter
466 2092 590 2154 scholas
603 2090 758 2152 bonarum
782 2091 912 2169 artium,
933 2111 989 2153 seu
1012 2111 1118 2173 gram-

184 2189 316 2265 matica,
333 2187 498 2250 rhetoricae
525 2190 556 2249 et
576 2189 797 2266 computorum
820 2188 1116 2264 ecclesiasticorum,

184 2289 413 2364 erantquoque
428 2283 544 2346 scholae
565 2282 797 2363 theologorum,
823 2283 899 2346 item
921 2281 1036 2344 scholae
1061 2301 1118 2344 no-

184 2382 346 2457 tariorum,
364 2383 528 2442 centorum
550 2386 582 2441 et
609 2373 824 2442 diaconorum.
848 2380 907 2452 Qui
929 2379 1044 2441 schola
1063 2379 1117 2440 ho-

185 2495 297 2539 narum
315 2475 429 2536 artium
451 2480 601 2555 praerat,
624 2476 651 2535 is
680 2474 864 2536 scholasticos
886 2473 1115 2554 appellabatur,

184 2572 238 2654 qui
250 2570 418 2649 theologice
432 2568 596 2631 tradendae
611 2567 756 2630 addictus
765 2571 842 2644 erat,
853 2567 999 2646 theolopos
1015 2565 1118 2628 dictus

186 2670 243 2729 est.
264 2665 386 2728 Schola
406 2667 572 2726 centorum
595 2666 731 2743 praeerat
750 2665 868 2741 center,
894 2663 943 2725 vel
969 2663 1114 2725 distincto

186 2761 287 2824 officio
302 2762 335 2822 in
350 2761 428 2822 duas
443 2763 548 2838 partes
562 2759 708 2821 videlicet
721 2760 962 2850 praecentoriam
976 2761 1026 2822 vel
1049 2776 1118 2820 suc-

186 2854 385 2932 cinctoriam,
402 2862 564 2934 praecentor
578 2853 631 2934 qui
648 2854 798 2934 dirigeret
811 2855 990 2933 psallentes,
1006 2858 1038 2914 et
1052 2872 1114 2914 roo·

185 2957 283 3010 senar
306 2947 376 3028 qui,
399 2947 634 3034 respondentes.
658 2948 780 3011 Schola
802 2947 996 3009 notariorum
1010 2943 1120 3024 primi-

186 3045 301 3106 cerios:
317 3044 462 3106 Officium
491 3044 685 3106 notariorum
709 3047 777 3106 erat
801 3041 963 3104 memoriae
991 3041 1117 3104 tradere

184 3147 255 3204 acta
282 3140 502 3216 conciliorum,
526 3145 701 3217 martyrum
726 3143 757 3200 et
784 3138 1016 3213 confessorum,
1046 3155 1120 3198 cen·
1197 3136 1207 3151 ”
1261 3129 1262 3160 ³

182 3237 318 3298 scrihere
331 3236 440 3310 libros,
456 3233 595 3310 rituales,
612 3234 765 3310 missales,
783 3233 1030 3312 antiphonarios,
1054 3250 1119 3295 coe·

184 3333 332 3413 terosque
346 3331 387 3393 ad
400 3347 476 3393 usus
489 3329 699 3411 psallentium.
718 3329 859 3409 Denique
877 3328 993 3392 scholae
1013 3329 1121 3392 diaco-

186 3445 316 3490 norum¹
340 3428 393 3508 qui
438 3429 612 3506 praeeant.
642 3425 807 3505 temporali
855 3424 1119 3490 administrationi

188 3523 403 3601 eeclesiarum,
419 3521 609 3603 presidebat
622 3520 865 3583 Archidioccocs.
