2530 4016
133 229 193 288 270
341 239 671 286 1rsr1uurrorustuu1s
694 240 848 286 cruorum.

133 385 330 466 appellavere
354 387 483 447 caeteros
502 385 568 447 dics
589 386 700 446 feriam
719 386 901 463 secundam,
923 388 1057 452 tertiam.

133 483 194 545 Glr.
212 483 343 543 darant.
644 469 647 478 ¹
744 541 747 546 .

171 577 302 650 Quando
331 595 406 656 ergo
433 577 574 662 *Ecclesia¹
598 595 707 638 omnes
731 577 798 639 dies
824 578 856 639 in
885 578 996 641 ordine
1020 583 1060 642 ad

131 671 250 733 cultum
264 671 321 732 Dei
339 672 430 732 vocat
448 670 552 744 fedas,
575 669 723 732 admonet
740 669 850 731 fideles
872 673 957 751 quod
981 691 1061 733 nun·
1094 687 1101 700 ·

131 787 227 849 quam
241 768 447 842 aberratione,
465 768 553 828 aDei
573 766 699 829 servitio
719 768 989 846 supersedendum
1008 770 1058 846 sit,

130 869 161 928 et
176 865 242 926 dies
257 881 364 925 omnes
379 861 450 924 vitae
464 862 611 922 humana
633 849 689 922 Dei
708 860 834 922 servitio
856 863 1061 923 consecrandi

130 962 201 1023 sint.
222 959 298 1022 Inde
317 961 370 1029 est,
383 957 467 1037 quod
483 956 551 1036 J'am
570 962 637 1017 tum
656 956 695 1017 ab
717 955 902 1037 antiquitate
921 957 1061 1018 Ecclesia

130 1057 267 1120 celebrat
294 1055 400 1117 divina
428 1053 531 1116 officia
554 1053 684 1134 singulis
707 1053 792 1114 feriis
815 1055 1057 1134 respondentia,
1123 1063 1126 1066 '

128 1155 200 1214 licet
227 1151 268 1212 ad
296 1169 334 1212 ea
361 1150 590 1232 frequentanda
612 1149 685 1210 solis
709 1149 820 1211 diebus
842 1150 1007 1212 dominicis
1029 1158 1061 1212 et

129 1248 250 1310 caeteris
272 1247 359 1308 festis
377 1246 554 1324 precipuis,
576 1246 615 1308 de
640 1247 752 1327 quibus
773 1245 914 1322 inferius,
941 1245 1060 1326 obligat

127 1344 246 1421 srdeleS,
264 1343 348 1425 quod
365 1346 397 1405 ut
411 1343 539 1403 liberius
554 1347 714 1420 praestent,
735 1341 882 1418 prohibet
902 1359 941 1401 ne
962 1342 1057 1403 servi-

127 1440 209 1499 libus
224 1439 371 1518 operibus
387 1439 462 1500 dent
478 1455 616 1517 operam.

167 1534 243 1596 Inde
267 1535 469 1598 sanctificatio
494 1533 723 1596 dominicarum
740 1551 806 1612 pree
827 1535 948 1609 cacteris
971 1534 1058 1595 feriis

127 1631 231 1709 quoad
246 1630 308 1692 duo
330 1630 434 1709 cupita
454 1634 581 1710 recepta
601 1629 659 1690 luit
677 1631 708 1692 in
728 1629 940 1692 ecclesiastica
964 1630 1058 1692 disci-

127 1727 222 1807 plina,
235 1726 391 1802 videlicet,
405 1729 435 1785 1⁰
446 1728 480 1786 ut
495 1725 602 1786 fideles
617 1725 656 1786 ad
672 1726 779 1787 divina
793 1725 895 1787 officia
909 1714 1058 1787 couveni-

126 1826 206 1901 rent‚
231 1827 262 1887 2⁰
287 1821 326 1882 ab
348 1821 385 1882 iis
406 1819 600 1883 abstinerent
621 1839 691 1903 quae
714 1826 854 1884 mentem
877 1821 1057 1885 notabiliter

127 1921 305 1980 averterent
319 1917 358 1979 ab
372 1918 483 1978 iisdem
500 1916 620 1978 officiis.

166 2017 335 2095 Postquam
362 2031 436 2075 vero
465 2013 630 2077 immutata
657 2013 821 2092 disciplina
843 2011 940 2074 divini
963 2013 1055 2074 oflicii

99 2163 100 2169 ,
125 2110 266 2172 recitatio
282 2109 467 2170 clericorum
481 2109 564 2170 faeta
579 2114 627 2170 est
640 2109 779 2191 propria,
794 2110 892 2170 laicos
911 2126 974 2169 ncn
989 2127 1055 2169 am-

125 2208 206 2287 plius
234 2207 337 2287 coegit
364 2206 503 2268 Ecclesia
531 2209 566 2266 nt
593 2205 706 2267 divinis
735 2205 846 2266 officiis
874 2206 1052 2282 adstarent,

124 2299 225 2361 solum
240 2298 280 2360 ad
296 2299 398 2360 missae
413 2297 612 2375 sacrificium,
629 2298 834 2378 relinquendo
848 2298 975 2359 illorum
988 2300 1055 2379 pie-

124 2396 181 2458 tati
196 2400 230 2454 ut
243 2394 312 2455 aliis
326 2393 540 2473 spiritualibus
554 2393 708 2456 exercitiis
723 2395 914 2456 incumbant.

163 2493 207 2550 Ex
223 2491 282 2551 hac
298 2490 462 2570 disciplina
475 2494 607 2570 apparet
617 2491 701 2570 quod
711 2490 785 2552 licet
794 2489 934 2551 Ecclesia
945 2510 1054 2554 omnes

124 2585 190 2644 dies
215 2585 318 2645 divino
343 2585 439 2647 cultui
461 2591 580 2663 sacret,
606 2585 772 2648 nonnullos
796 2589 902 2648 autem
925 2587 1053 2666 speciali

122 2682 229 2759 modo,
246 2686 277 2745 et
295 2686 367 2744 sunt
385 2683 542 2760 Dominici,
563 2683 716 2764 principia
730 2683 937 2746 hebdomada
953 2683 1054 2745 eccle-

122 2778 266 2840 siasticae.

162 2875 243 2936 XXI.
262 2873 323 2936 Sed
338 2872 492 2935 Dominici
505 2873 572 2934 dies
587 2877 730 2954 quamvis
745 2876 784 2954 de
803 2871 924 2956 septem
937 2876 970 2936 in
985 2895 1052 2956 sep·

121 2974 186 3032 tem
213 2970 280 3032 dies
308 2971 490 3047 succedant,
507 2987 571 3030 non
588 2976 693 3032 tamen
717 2990 841 3052 semper
860 2972 1001 3035 incidunt
1020 2971 1053 3030 in

121 3069 249 3129 eosdem
264 3067 330 3128 dies
349 3067 505 3129 mensium
523 3073 555 3128 et
573 3083 736 3130 annorum.
755 3072 795 3132 Ut
815 3088 891 3150 ergo
911 3065 1051 3150 generali

82 3199 84 3202 -
121 3163 258 3241 quadam
271 3165 382 3244 regula
402 3170 433 3224 et
451 3169 605 3243 perpetua
623 3161 655 3224 in
677 3164 867 3228 kalendariis
887 3165 1052 3227 ecclesias·

119 3257 188 3317 ticis
209 3263 386 3338 appareret,
410 3260 538 3338 quinam
562 3264 666 3322 essent
684 3261 717 3321 hi
735 3262 802 3322 dies
817 3261 946 3341 singulis
961 3263 1051 3322 annis

119 3348 247 3424 speciali
260 3351 354 3412 modo
370 3353 434 3411 Dec
455 3353 546 3428 sacri,
568 3353 661 3430 simul
679 3357 714 3414 ut
735 3359 901 3433 appareret
921 3354 1049 3435 quinam

119 3442 186 3502 dies
205 3441 336 3522 singulis
357 3446 447 3505 annis
467 3447 568 3517 variis
583 3448 791 3516 hebdomadae
810 3449 895 3513 feriis
918 3468 1050 3533 respun-
