2476 4022
177 291 217 352 to
385 301 613 348 rnsrrrorronns
633 299 715 346 rums
737 298 892 346 usnonrcr.

175 451 214 512 iis
234 447 358 511 verbis:
375 450 432 525 lte,
449 447 543 512 Missa
565 450 622 524 ast,
639 464 714 510 usus
738 444 873 509 obtinuit
892 447 927 510 ut
944 447 1012 508 tota
1034 444 1104 510 haee

176 563 267 608 sacra
280 545 467 608 caeremonia
481 546 572 608 Misso
586 544 717 606 dicatur.

216 645 399 716 Quaeremus
409 661 483 722 ergo
497 662 556 705 :—
566 645 596 702 1⁰
606 643 650 702 De
661 641 755 702 variis
764 639 929 702 Missamm
939 639 1103 718 speciebus

176 740 385 818 ecclesiastica
414 738 578 818 disciplina
607 739 740 817 receptis
762 737 813 798 vel
835 737 1037 815 improbatis;
1063 767 1102 784 -

175 841 207 900 2⁰
221 840 266 899 De
287 837 353 898 loco
378 838 564 914 ettempore
588 835 649 915 (die
665 838 696 898 et
711 833 800 914 hora)
825 853 887 916 quo
911 832 1102 896 celebranda

175 936 236 1008 est3
249 969 289 980 -
298 935 329 994 3⁰
339 934 384 994 De
393 932 520 1012 liturgia
530 950 585 992 seu
595 931 656 992 ritu
669 932 783 1006 Missee3
797 966 836 978 -
845 935 876 992 4⁰
887 932 931 992 De
942 934 1101 1011 praecepto

175 1043 238 1104 quo
258 1023 437 1086 sacerdotes
451 1024 491 1085 ad
505 1023 739 1101 celebrandum,
756 1024 890 1104 populus
910 1023 951 1086 ad
970 1022 1102 1085 audien-

175 1121 252 1182 dum
266 1139 390 1182 sacrum
402 1123 559 1182 tenentur.
1049 1131 1053 1134 ·

214 1217 308 1279 Plura
322 1215 429 1278 atalia
449 1218 553 1278 essent
567 1214 606 1276 de
621 1215 802 1296 hujusmodi
815 1233 850 1276 re
864 1215 1036 1296 querenda
1050 1235 1056 1276 :
1074 1215 1101 1278 si

174 1312 243 1391 quis
258 1329 296 1374 ea
309 1311 476 1387 desideret,
494 1309 590 1371 habet
603 1312 742 1390 segetem
756 1308 969 1388 plenissimam
987 1309 1053 1370 sive
1067 1309 1100 1369 in

173 1408 320 1486 operibus
344 1407 488 1468 omnibus
512 1405 551 1466 de
571 1405 666 1466 rebus
690 1405 851 1484 liturgicis,
868 1407 932 1466 sive
952 1407 983 1467 et
1000 1403 1100 1465 multo

173 1505 273 1582 magis
295 1504 328 1564 iu
350 1520 444 1582 opere
468 1501 585 1564 Bened.
603 1503 672 1563 XIV
691 1500 730 1561 de
753 1501 855 1563 Missae
879 1500 1042 1562 sacrificio.
1059 1533 1101 1545 —

173 1600 217 1659 De
240 1599 278 1658 iis
296 1615 366 1678 quae
388 1598 546 1676 pertinent
568 1595 609 1658 ad
631 1596 821 1674 stipendium
842 1597 942 1659 Missa
965 1596 1100 1657 hicnon

173 1709 282 1771 agam:
301 1689 340 1752 de
360 1692 399 1750 iis
420 1691 503 1750 enim
523 1709 626 1753 sermo
650 1689 774 1767 redibit,
792 1691 917 1770 quando
942 1690 980 1750 de
1004 1691 1100 1752 rebus

172 1785 384 1848 materialibus
399 1804 454 1846 seu
468 1783 693 1866 temporalibus
707 1787 854 1850 Ecclesiae
868 1787 990 1868 loquar,
1007 1786 1100 1866 spiri-

169 1879 301 1941 tualium
315 1878 530 1974 adminiculis·

472 2006 492 2050 1.
504 2006 536 2050 De
548 2007 662 2053 illosarum
677 2009 796 2066 speciebus.

209 2093 262 2154 IV.
280 2071 461 2154 Ordinarius
482 2093 594 2153 modus
615 2095 725 2156 missas
746 2093 927 2155 celebrandi
945 2094 978 2153 in
999 2095 1099 2155 veteri
1219 2149 1220 2186 ÷

170 2186 315 2250 Ecclesia
331 2188 494 2268 disciplina
507 2189 632 2252 videtur
645 2192 739 2252 fuisse
760 2195 794 2252 ut
807 2189 846 2252 ad
861 2190 943 2250 illius
958 2189 1099 2250 celebra·

168 2283 285 2346 tionem
304 2286 467 2347 universus
489 2286 590 2348 clerus
606 2289 636 2346 et
650 2287 784 2366 populus
803 2305 951 2347 unacum
971 2287 1097 2363 pastore

76 2385 81 2392 ‘
168 2397 224 2442 suo
240 2381 280 2441 ad
295 2399 365 2442 eam
386 2383 586 2444 conveniret:
603 2383 687 2442 unde
709 2381 877 2443 &lebratio
899 2381 1096 2443 eucharistia

167 2477 293 2554 synaxis
307 2493 362 2536 seu
377 2477 506 2538 collecta
526 2478 609 2540 dicta
624 2485 681 2539 est.
698 2477 928 2539 Exordiebatur
946 2494 1098 2539 oaeremo-

166 2572 219 2632 nia
232 2588 322 2632 sacra
331 2589 350 2631 a
359 2571 492 2634 lectione
507 2576 687 2634 sanctarum
702 2575 890 2652 scripturam
900 2577 931 2636 et
945 2575 1097 2636 concione

167 2663 333 2741 episcopi:
360 2663 432 2724 dein
460 2666 594 2744 populus
622 2665 722 2726 fidelis
747 2668 898 2728 offerebat
924 2660 1039 2746 panem
1065 2669 1099 2728 et

164 2759 274 2820 vinum
289 2777 327 2818 ex
341 2777 475 2838 quorum
491 2761 647 2823 oblatione
670 2763 784 2840 partim
799 2763 962 2840 sacrificio,
979 2764 1096 2843 partim

165 2857 284 2919 clericis
309 2862 340 2916 et
363 2859 554 2936 pauperibus
578 2858 698 2921 alendis
721 2860 961 2922 inserviebatur.
984 2864 1096 2924 Postea

164 2953 388 3015 conficiebatur
409 2954 611 3028 eucliaristia3
630 2955 758 3017 demum
768 2956 913 3018 fidelibus
929 2957 1094 3018 distribue-

162 3051 256 3112 batur
270 3051 489 3130 prreseutibus,
502 3057 534 3111 et
543 3051 582 3112 ad
598 3053 743 3114 absentes
757 3072 814 3133 per
828 3054 977 3117 diaconos
991 3055 1093 3114 mitte-

162 3147 265 3209 batur.
282 3149 419 3227 Populus
442 3147 570 3228 quidem
591 3149 746 3226 adstabat,
763 3149 921 3228 audiebat,
939 3150 1094 3211 offerebat

162 3259 277 3318 panem
292 3247 322 3304 et
336 3245 455 3320 vinum,
472 3243 732 3308 communicabat.
750 3247 888 3308 Clericus
902 3265 977 3309 vero
993 3263 1093 3306 unus·
1118 3309 1124 3326 ,

162 3335 294 3414 quisque
309 3355 365 3414 pro
381 3337 491 3401 ordine
504 3357 560 3400 suo
575 3340 783 3418 ministrabat,
796 3342 1015 3420 etpresbyteri
1029 3355 1099 3402 una'

162 3447 233 3492 cum
248 3431 393 3509 episcopo
409 3434 460 3493 vel
473 3434 636 3496 sacerdote
651 3455 741 3498 sacra
754 3437 887 3506 iaciente
902 3438 1089 3520 offerebant,

161 3527 396 3603 consecrabant,
413 3531 700 3610 communicabant,
