2476 4022
428 293 468 338 nn
489 292 614 340 casamo
635 291 717 338 ruris
739 291 893 337 cruorum.
1103 277 1123 335 9

187 427 389 502 ordinantur.
402 439 478 498 Haec
491 438 597 496 autem
610 434 734 496 interna
743 437 774 495 el
788 451 904 495 arcano
917 433 1070 514 operalio,
1082 434 1123 496 ad

189 549 291 612 quam
311 530 511 590 sacramenta
534 526 691 588 ordinario
714 525 893 586 referuntur
915 526 948 586 in
970 526 1121 602 Ecclesia,

189 625 324 688 humani
338 627 386 686 est
400 623 527 702 spiritus
541 621 757 684 sanctificatio.
774 622 865 685 Unde
884 621 945 683 dici
962 621 1124 684 consuevit

189 726 427 784 sacramentum
440 717 605 780 invisibilis
620 717 730 798 gratia
749 716 870 778 visibile
888 717 1012 799 signum
1030 719 1124 782 inter·

190 835 243 880 nac
259 820 291 878 et
303 815 467 876 invisibilis
483 813 737 877 sanctificationis
752 817 876 875 nostra.

235 913 298 975 Sed
313 913 427 972 horum
440 911 614 990 signorum,
632 911 745 971 horum
758 910 886 987 rituum,
900 898 1013 990 quibus
1028 909 1125 971 abun·

192 1009 250 1071 dat
273 1007 497 1070 caeremonialia
521 1007 668 1069 Ecclesia
693 1007 867 1086 disciplina,
893 1025 954 1069 non
978 1025 1058 1068 unus
1079 1011 1127 1070 est

191 1102 334 1166 omnium
348 1109 469 1178 auctor,
483 1120 542 1162 non
561 1121 623 1163 una
637 1103 777 1163 omnium
786 1103 845 1179 vis,
857 1102 1001 1163 activitas
1015 1109 1047 1164 et
1060 1103 1126 1164 elii·

192 1200 292 1263 cacia.
309 1203 451 1278 Namque
471 1197 548 1259 alios
567 1199 667 1260 credit
684 1198 824 1261 Ecclesia
844 1198 1001 1260 Christum
1023 1199 1125 1276 ipsum

191 1297 356 1356 auctorem
367 1293 525 1370 habuisse,
538 1293 616 1356 alios
630 1311 705 1355 vero
721 1293 965 1355 ecclesiasticam
979 1293 1126 1354 habuisse

192 1389 441 1461 institutionem
464 1387 533 1448 illos
552 1387 593 1448 ad
608 1386 808 1448 efficientiam
822 1386 932 1465 gratiae
947 1393 978 1446 et
991 1384 1126 1446 sanctifi·

193 1485 326 1547 cationis
347 1486 460 1545 nostra
480 1483 525 1544 sic
543 1483 744 1560 ordinarint
762 1482 792 1543 vi
812 1481 871 1543 sibi
890 1480 989 1542 indita
1001 1481 1127 1542 valeant

194 1598 267 1640 eam
290 1580 484 1657 producere3
510 1578 568 1639 hos
591 1597 666 1640 vero
687 1581 811 1641 tantum
830 1576 936 1639 valere
957 1594 1048 1655 posse
1069 1595 1126 1655 pro

193 1674 257 1735 fide
272 1679 304 1734 et
319 1673 435 1753 pietate
450 1673 597 1736 Ecclesia
616 1692 687 1752 quae
707 1673 785 1734 ritus
804 1673 932 1736 eosdem
948 1671 1082 1735 instituit
1095 1675 1127 1733 et

194 1768 394 1848 frequentat,
420 1775 450 1829 et
473 1787 530 1848 pro
558 1768 714 1831 utentium
741 1769 858 1847 pietate
887 1772 918 1831 et
945 1768 1123 1829 devotione.

196 1866 300 1936 Quare
321 1870 356 1925 ut
374 1883 438 1926 une
455 1865 576 1944 species
595 1866 863 1925 sacramentorum
882 1863 923 1924 ab
942 1863 1003 1924 alia
1017 1863 1128 1924 distin-

194 1962 358 2040 gueretur,
374 1959 508 2021 invaluit
522 1966 665 2038 tempore
685 1960 944 2022 scholasticorum
965 1963 999 2021 ut
1019 1959 1127 2038 primis

194 2053 256 2113 illis
270 2054 502 2134 relinqueretur
517 2072 632 2114 nomen
646 2059 932 2126 sacramentorum
953 2055 1022 2116 haec
1039 2073 1125 2130 vero,

193 2150 437 2230 peranalogiam
446 2151 590 2230 quemad
600 2153 940 2226 sacramentaservant,
949 2151 1128 2212 dicerentur

114 2251 119 2258 '
194 2246 446 2306 sacramentalia.
463 2247 565 2307 Genus
578 2247 675 2330 igitur
688 2249 957 2307 sacramentorum
966 2245 1127 2326 distingui-

194 2341 302 2403 turin
326 2351 507 2402 sacramenta
532 2343 790 2418 antonomastice,
815 2340 922 2402 stricto
948 2343 980 2400 et
1000 2341 1128 2419 speciali

194 2455 290 2498 sensu
304 2440 440 2516 sumpta,
458 2456 527 2518 quae
548 2438 707 2500 Christum
726 2436 844 2498 habent
861 2441 1035 2512 auctorem,
1052 2443 1084 2495 et
1098 2439 1128 2498 vi

194 2533 254 2594 sibi
274 2533 374 2594 indita
388 2534 494 2595 valent
512 2535 676 2596 hominum
695 2533 973 2595 sanctificationem
992 2531 1126 2612 operari,

195 2636 229 2690 et
240 2629 272 2690 in
282 2630 507 2691 sacramentalia
517 2649 588 2710 quae
598 2619 773 2691 Ecclesiam
780 2629 898 2690 habent
910 2627 1129 2690 institutricem

196 2728 237 2802 et,
254 2723 357 2786 solum
372 2743 429 2804 pro
443 2726 506 2786 fide
520 2726 668 2788 Ecclesia
682 2725 871 2788 instituentis
891 2728 922 2787 et
940 2744 997 2804 pro
1013 2724 1142 2804 pietate-

195 2822 362 2896 utcntium,
387 2823 533 2882 ellectum
556 2821 666 2901 gratia
691 2825 722 2884 et
745 2822 1001 2883 sanctificationis
1024 2822 1130 2883 valent

194 2919 377 2997 impetrare.
391 2921 561 2997 Propterea
576 2919 635 2979 hoc
650 2923 744 2998 caput
757 2918 790 2979 in
804 2923 867 2980 tres
878 2918 1046 2979 dividimus
1057 2917 1130 2979 arti·

198 3011 294 3086 culos,
312 3011 433 3089 priores
453 3012 493 3072 de
511 3013 716 3072 sacramentis
733 3018 801 3072 tum
821 3011 852 3072 in
874 3028 991 3090 genere
1012 3009 1129 3071 lumin

198 3107 313 3185 specie,
325 3109 453 3170 tertium
467 3109 507 3168 de
522 3109 811 3184 sacramentalibus,
825 3109 879 3186 qui
893 3106 1061 3168 constituat
1076 3125 1130 3167 ve-

198 3200 254 3261 luti
270 3201 478 3280 appendicem
492 3202 533 3262 ad
547 3203 726 3282 generalem
740 3200 960 3263 tractationem
974 3199 1012 3260 de
1026 3218 1130 3262 saera-

196 3296 323 3357 mentis.
