2476 4022
166 293 205 354 66
374 305 602 354 ιιιιιιιιιιιοιιιι
621 307 704 354 rums
729 306 883 354 ιιιιοιιιιι.

167 454 207 516 ad
221 469 345 515 sacram
358 449 502 531 synaxim
516 449 650 530 amplius
664 469 726 512 nou
745 450 949 528 admiserunt,
969 451 1026 512 sed
1045 469 1103 512 vo-

166 551 294 612 luerunt
307 552 342 611 ιιι
355 549 451 611 talem
465 549 618 610 heberent
631 552 757 610 aetatem
772 566 835 628 qua
848 550 975 626 possent
989 547 1102 611 cibum

165 646 361 708 materialem
376 665 396 707 a
409 646 479 708 cibo
493 645 553 707 boo
568 645 786 708 sacramentali
806 645 1008 724 distinguere.
1030 646 1100 708 llos

165 743 305 824 episcopi
320 749 351 804 et
364 743 495 822 parochi
505 742 624 823 judicio
640 741 858 804 aestimandum
882 745 939 804 est.
962 739 1034 802 Pari
1055 740 1099 800 de

166 859 263 904 causa
275 846 476 901 removentur
488 847 628 919 perpetuo
642 846 769 900 umentes
783 856 802 899 a
816 838 989 900 nativitate.

205 937 313 998 Adulti
335 935 408 998 licet
431 935 471 997 ad
495 935 724 998 Eucharistiam
747 935 963 1010 admittantur,
988 936 1099 995 tamen

166 1029 335 1109 aliquando
349 1031 562 1105 removentur,
585 1029 732 1092 videlicet
750 1031 781 1089 ιο
803 1028 843 1089 οι)
865 1027 1043 1088 evidentem
1065 1031 1100 1090 et

163 1126 310 1207 publicam
326 1125 529 1207 iodipnitotrm
548 1145 658 1188 eorum
678 1127 731 1209 qui
752 1127 916 1202 accedunt,
939 1129 971 1187 2⁰
992 1125 1032 1186 ob
1052 1125 1099 1185 ir·

165 1224 331 1285 reverentia
342 1224 516 1307 periculum.

206 1321 237 1379 l⁰
260 1316 359 1397 Igitur
382 1335 479 1398 quum
500 1315 639 1398 Ecclesia
660 1316 768 1378 credat
789 1312 969 1395 hujusmodi
990 1328 1100 1374 sacra-

166 1418 307 1478 mentnm
335 1433 402 1476 esse
426 1434 523 1476 unum
547 1415 587 1475 de
609 1414 647 1475 iis
671 1433 740 1494 quae
764 1412 872 1474 dicunt
858 1417 911 1474 tur
933 1411 1096 1484 vivorum,

166 1529 274 1572 omnes
285 1510 448 1589 apeocatis
457 1510 626 1574 lethalibus
640 1511 775 1572 irretitos
785 1510 853 1572 vult
862 1509 902 1568 ab
912 1508 972 1569 hac
987 1521 1099 1565 mensa

166 1605 398 1666 caelestiremot
399 1607 487 1666 osb
488 1609 613 1686 tqunm
623 1601 1098 1666 Ecclesiainteriorabominum

166 1717 229 1761 non
243 1705 422 1779 eognoscat,
437 1701 576 1763 iudet
527 1706 576 1763 set
575 1702 602 1762 is
616 1705 706 1782 putat
724 1719 854 1762 munere
873 1718 929 1762 suo
948 1699 1047 1778 fungi,
1068 1695 1097 1755 si

165 1794 350 1874 paterniset
363 1796 562 1875 generalibus
576 1796 1014 1870 adhortationibusdeterreat
1023 1811 1097 1872 pec-

165 1895 286 1953 catores
301 1909 340 1951 na
355 1892 415 1953 boc
429 1893 583 1972 sacrilegii
598 1893 727 1953 erimine
743 1911 775 1954 se
790 1891 1029 1954 commaculent.
1052 1892 1096 1953 At

164 1986 190 2046 si
205 1987 264 2047 boc
275 2003 336 2046 non
347 1987 490 2049 obstante
500 1995 649 2065 peccator
658 1989 698 2049 ad
709 1989 790 2050 hanc
800 2005 941 2049 mensam
950 1986 1092 2064 accedat,

164 2084 196 2142 et
209 2079 349 2141 ministro
359 2080 442 2141 illins
451 2081 622 2160 indignitas
632 2084 706 2143 nota
715 2083 765 2158 sit,
778 2081 996 2144 docetBened.
1010 2084 1092 2158 xlv,

163 2177 194 2238 in
210 2176 329 2254 operib.
348 2176 387 2238 de
406 2177 526 2256 synodo
549 2182 580 2240 et
601 2178 640 2239 de
660 2177 1096 2257 sacriflcio,ou1nprodentia

163 2290 231 2335 esse
258 2274 505 2351 procedendum.
531 2274 605 2336 Vult
629 2280 663 2334 ut
686 2275 916 2354 distinguamus
940 2276 1021 2336 inter
1045 2293 1095 2334 oc·

162 2367 271 2428 cultam
287 2371 319 2429 et
338 2368 486 2446 poblicum
507 2373 717 2452 peccatorem,
742 2374 773 2431 et
792 2371 875 2432 inter
893 2369 1042 2449 publicam
1062 2372 1095 2430 et

161 2462 302 2522 occultam
317 2462 410 2542 hujus
421 2464 608 2527 sacramenti
619 2465 932 2528 administrationem.
945 2463 1094 2525 Publicus

161 2560 309 2636 peccator
328 2575 454 2636 semper
471 2561 636 2637 arcendus,
658 2565 690 2624 et
706 2563 778 2624 talis
797 2562 888 2634 estsi
906 2561 1093 2624 notorietate

157 2650 238 2730 jorio
250 2651 300 2710 vel
313 2651 388 2730 facti
400 2653 481 2714 illius
496 2659 661 2733 peccatum
671 2657 711 2719 sit
721 2657 1089 2719 omuibusmaniiestum.

160 2743 218 2818 lta,
242 2747 274 2802 et
294 2760 391 2822 quum
411 2745 532 2826 vigeret
551 2747 677 2827 publica
699 2749 894 2827 poenitenda,
921 2748 975 2829 qui
997 2749 1030 2810 in
1054 2765 1092 2808 eo

160 2836 492 2918 annumerabuntur,
509 2842 632 2920 publice
655 2861 785 2906 neaera
803 2845 1023 2907 communione
1043 2864 1093 2907 ar·

160 2933 321 2997 rebantur.

198 3034 239 3093 Αι
253 3050 327 3093 vero
342 3033 368 3094 si
382 3033 522 3112 privatus
537 3039 569 3098 ot
583 3035 686 3098 occult
672 3040 733 3115 t,us
751 3055 813 3100 non
828 3038 910 3101 ita
886 3057 912 3099 ιι
921 3039 954 3100 in
963 2957 1090 3119 publico

158 3132 254 3206 petat,
272 3147 312 3190 ne
326 3130 408 3192 illins
428 3130 520 3193 famae
540 3133 580 3194 ad
601 3151 697 3212 quam
712 3135 764 3215 jus
783 3134 879 3196 habet
898 3136 1086 3218 derogatum

157 3223 238 3284 bene
253 3243 328 3287 vero
343 3228 370 3287 si
389 3232 476 3307 potat
496 3230 629 3307 occulte,
652 3231 824 3294 dummodo
843 3234 1032 3302 ministranti
1050 3254 1088 3296 ex

157 3324 375 3384 sacramentali
403 3327 597 3390 confessione
621 3333 731 3414 peccat
732 3347 785 3390 um
808 3347 871 3391 non
898 3331 1084 3396 innotescat.

158 3412 203 3493 (Si
218 3420 361 3477 nosceret
374 3437 412 3478 ex
426 3419 487 3482 alio
496 3420 637 3484 tituloet
615 3425 692 3483 trem
701 3428 817 3501 praeter
825 3425 1088 3486 sacramentalem

157 3506 384 3570 confessionem
386 3519 516 3590 ,posset
529 3514 616 3576 illum
629 3517 796 3593 repellere:
814 3517 869 3578 sed
883 3519 1001 3584 Bened.
1015 3521 1085 3584 lllV
