2504 4024
172 283 210 342 84
381 289 609 338 rusr1ror10uns
631 287 713 334 rums
735 286 890 334 cauourcr.

173 440 318 504 Urbanus
331 438 359 497 ll
374 433 519 496 omnibus
533 433 587 514 qui
605 432 705 512 ceptis
723 432 819 493 ermis
834 434 943 494 contra
960 433 1104 496 infideles

172 534 254 596 irent
267 531 308 593 ad
321 534 415 593 terrae
429 532 545 592 sanctae
559 527 841 607 recuperationem.
858 529 1045 608 Exemplum
1059 549 1106 591 ee-

173 633 263 688 cutus
285 632 332 688 est
352 625 510 706 Eugenius
528 626 570 685 ΙΙΙ
585 623 638 703 qui
657 622 852 703 turpissimam
866 622 980 710 venium
992 622 1107 684 iisdem

173 727 271 786 Cruce
287 723 416 803 signatis
430 720 590 800 impertiit,
606 726 641 781 ut
654 723 741 798 patet
754 719 787 780 in
801 719 934 797 epistola
951 720 1106 782 Bernardi

173 823 231 882 363
256 819 340 898 (pag.
366 820 435 893 276,
463 816 590 878 edition.
616 813 810 893 Mobillonii).
837 813 984 876 Nonnulli
1008 814 1108 878 citant

175 914 319 992 exempla
332 912 510 990 antiquiora
524 911 651 972 Urbano
666 911 704 986 11,
714 909 770 970 sed
785 927 847 970 non
861 908 1009 971 videntur
1022 927 1107 971 com·

174 1025 302 1069 munem
316 1006 405 1086 sequi
419 1004 617 1088 sententiam.
635 1005 725 1066 Ratio
745 1004 825 1065 forte
844 1004 875 1064 in
893 1020 930 1064 eo
945 1004 1105 1083 estquod,

175 1103 280 1182 quoad
295 1119 369 1162 usus
383 1099 650 1180 indulgentiarum
664 1099 821 1179 coerc1tu's
833 1102 900 1162 erat
914 1099 1106 1178 poenitentiae

174 1197 353 1272 eanonicoe3
375 1214 442 1257 sese
463 1213 525 1257 non
545 1195 733 1258 extendebat
747 1194 787 1256 ad
801 1211 912 1273 poenas
926 1211 1035 1256 omnes
1049 1213 1107 1273 pro

173 1293 311 1375 peccatis
339 1292 516 1368 solvendas,
540 1308 617 1372 .quae
645 1289 838 1372 poenitentia
861 1290 1019 1352 canonicae
1044 1308 1107 1352 non

174 1392 265 1452 erunt
285 1387 438 1469 subjecta,
455 1386 552 1451 multo
570 1387 676 1448 minus
695 1386 737 1448 ed
755 1404 866 1464 poenes
884 1404 954 1468 quae
968 1405 1109 1466 sequun-

174 1490 226 1547 tur
238 1487 370 1565 psccata
382 1483 530 1559 venialia,
547 1499 617 1563 quae
632 1499 691 1542 nec
705 1499 833 1543 necesse
848 1484 896 1543 est
911 1481 1064 1545 confiteri.

489 1657 521 1702 De
528 1658 581 1713 jure
591 1657 790 1714 Indulpentiorum.

214 1773 294 1836 VIII.
311 1772 466 1833 Gaeterum
476 1770 529 1851 jus
539 1771 732 1832 concedendi
747 1771 968 1852 indulgentias,
981 1773 1022 1834 ad
1036 1773 1108 1834 illos

174 1867 310 1948 pertinet
324 1865 437 1946 quibus
450 1865 600 1944 competit
609 1865 662 1946 jus
676 1867 861 1928 modorandi
874 1866 1105 1948 poenitentiam,

175 1983 230 2025 seu
241 1964 293 2045 jus
306 1962 425 2040 ligandi
445 1965 476 2024 et
495 1962 677 2024 absolvendi
696 1962 729 2022 iu
749 1963 901 2024 Ecclesia.
922 1963 1015 2025 Tales
1035 1969 1108 2026 sunt

175 2062 211 2119 R.
242 2061 276 2119 P.
307 2056 412 2136 quoad
440 2057 619 2118 universam
647 2057 831 2134 Ecclesiam,
861 2063 894 2118 et
920 2058 1107 2119 universitas

175 2152 394 2231 episcoporum
409 2169 481 2213 cum
496 2169 545 2232 eo,
562 2153 611 2213 vel
626 2151 741 2232 singuli
756 2151 895 2232 episcopi
909 2151 941 2212 in
955 2169 1013 2212 sue
1027 2151 1108 2214 dioe-

174 2249 248 2310 cesi.
266 2248 329 2312 Sed
344 2249 455 2311 eodem
466 2249 538 2330 jure
551 2266 612 2330 quo
624 2247 777 2327 processit
790 2248 961 2310 reservatio
976 2265 1107 2309 casuum

174 2365 230 2426 pro
251 2347 351 2426 culpae
371 2346 579 2423 absolutione,
594 2345 639 2408 ite
660 2347 691 2407 et
708 2343 881 2406 reservatio
897 2345 1106 2425 indulgentia-

173 2461 244 2504 rum
258 2460 315 2522 pro
331 2443 559 2504 condonatione
579 2441 692 2503 harum
710 2431 877 2520 poenarum
891 2458 961 2520 ques
976 2444 1107 2520 peccata

173 2543 428 2616 consequuntur,
452 2536 527 2599 ltcet
547 2538 652 2616 quoad
676 2536 817 2598 debitum
840 2537 939 2616 culpae
964 2535 1104 2598 dimisse.

174 2632 326 2694 Videlicet
339 2632 483 2709 superior
495 2632 665 2704 auctoritas
678 2632 711 2692 iu
725 2632 837 2693 ecdem
849 2650 966 2712 genere
980 2631 1107 2693 iuferio-

173 2724 215 2784 ris
237 2721 430 2784 auctoritatis
451 2724 498 2783 est
517 2723 616 2806 limes.
640 2724 723 2805 Ergo
745 2724 855 2787 relicta
875 2728 923 2786 est
943 2728 979 2786 R.
1004 2727 1040 2786 P.
1056 2725 1107 2786 vel

173 2819 241 2880 aliis
256 2818 295 2880 ab
310 2835 347 2878 eo
362 2817 515 2898 delegetis
533 2817 666 2882 facultas
683 2819 875 2882 concedendi
894 2819 1116 2900 indulgentias„

172 2915 328 2997 plenarias
351 2934 358 2976 :
382 2914 537 2994 episcopis
559 2916 741 2978 conceditur
756 2916 808 2996 jus
827 2916 1008 2979 confercndi
1031 2935 1106 2996 par·
1225 2911 1228 2918 “

171 3010 261 3072 tiales
275 3007 497 3089 indulgentias,
509 3007 657 3071 videlicet
671 3010 762 3070 unius
772 3010 845 3070 anni
860 3010 892 3070 ln
907 3010 1105 3072 dedIcatione
1193 3029 1195 3032 ·

171 3106 333 3180 Ecclesiae3
350 3106 382 3166 in
396 3104 518 3166 catoris
532 3122 606 3166 vero
620 3105 815 3185 temporibus
826 3105 906 3186 (cap.
919 3123 973 3170 xrv
985 3106 1024 3166 de
1037 3108 1106 3169 Poe·
1141 3161 1145 3169 .

171 3201 227 3261 nit.
244 3207 276 3261 et
290 3200 507 3262 Remissionib.
528 3199 669 3279 loquitur
689 3201 728 3262 de
748 3201 961 3264 anniuersario
977 3202 1107 3264 dedica-

169 3290 273 3370 tIonis)
289 3293 499 3374 quadraginta
514 3292 647 3355 dierum.
666 3292 729 3355 Sed
744 3292 815 3374 jure
831 3293 975 3374 delegato
990 3311 1106 3358 couce-

169 3383 253 3445 dilur
267 3389 299 3445 et
312 3387 523 3450 cardinalibus
534 3394 565 3451 et
579 3389 735 3469 episcopis
746 3393 777 3452 et
791 3390 992 3452 inferioribus
1007 3390 1104 3452 etiam

169 3480 290 3541 clericis
298 3481 458 3559 plenarias
471 3485 595 3546 etiams
611 3487 646 3548 R.
661 3486 694 3547 Ρ.
708 3486 918 3565 indulgentius
930 3486 1102 3566 impertiri.
