2504 4024
179 275 237 336 tta
385 286 614 333 rnsrrrunones
635 285 717 330 rums
740 283 895 330 ennonlor.

178 431 262 513 quod
289 448 352 492 nou
375 435 423 493 est
445 431 518 493 tale.
544 429 606 493 Sed
629 433 776 510 possetne
801 429 905 490 faeere
931 429 1017 509 quod
1044 448 1110 492 non

178 530 269 604 esset,
282 527 437 607 quodtale
448 525 547 589 esset?
558 529 626 587 Non
637 529 721 587 oerto
732 528 804 604 post
813 528 1020 603 eontraotum,
1034 525 1110 604 quia

177 625 310 702 faetum,
330 626 480 688 iniaotum
498 627 566 687 fieri
584 644 647 686 non
665 628 778 704 potest.
802 624 864 686 Sed
883 627 1029 702 possetne
1048 623 1109 684 im-

176 722 284 801 pedire
303 724 469 802 quominus
488 724 552 800 fiat,
574 722 735 784 reddendo
755 721 888 797 irritum,
905 721 930 780 si
949 723 1108 782 tentatum

177 818 294 879 fuerit?
308 819 442 890 Ouaestio
458 820 490 878 in
506 820 587 880 bene
602 817 787 891 resolvitur;
804 835 844 876 an
860 817 900 877 ob
914 817 1010 876 tinem
1024 815 1110 876 utili-

1 919 2 930 *
100 943 102 947 ·
176 914 248 976 tatis
262 914 394 992 publioae
410 919 440 976 et
459 915 643 991 eommunis,
659 917 765 993 posset
780 913 903 973 efficere
919 915 952 972 ut
967 917 1109 974 oontreo

175 1012 226 1069 tus
247 1007 311 1086 qui,
326 1007 393 1067 solo
411 1006 483 1087 jure
504 1008 639 1068 naturali
660 1008 812 1086 inspooto,
829 1006 1022 1083 subsisteret,
1035 1004 1110 1085 jure

176 1101 259 1162 eivili
280 1101 446 1165 irritetur?
469 1105 517 1163 An
540 1103 639 1180 possit
662 1101 702 1162 ob
726 1106 887 1164 externam
910 1101 1110 1162 honestatem

175 1198 405 1262 communitatis
425 1206 456 1260 et
476 1202 640 1272 externum
659 1198 802 1260 ordinem
819 1214 977 1277 apponere
1000 1197 1110 1259 eondi-

174 1293 275 1355 tiones
290 1295 454 1374 quasdam,
471 1293 584 1374 quibus
599 1312 662 1355 non
681 1293 824 1370 serratis,
841 1296 1020 1354 eontraotus
1038 1292 1109 1353 irri-

175 1393 225 1450 tus
239 1390 301 1452 sit?
736 1393 739 1400 '

214 1485 354 1563 Implexa
375 1487 506 1565 quaestio
528 1491 585 1548 est.
608 1487 688 1546 Nam
708 1501 746 1543 ex
767 1500 830 1542 una
849 1485 949 1562 parte,
973 1482 1109 1544 sooietas

83 1617 91 1630 ·
175 1580 412 1640 matrimonialis
436 1599 498 1641 non
526 1585 573 1642 est
600 1581 745 1642 humanae
772 1577 986 1655 institutionis,
1016 1578 1110 1638 sicuti

174 1675 247 1738 sunt
261 1673 366 1733 oaeteri
386 1679 565 1735 eontraotus
585 1674 617 1734 in
637 1672 761 1753 quibus,
781 1672 855 1733 lieet
874 1670 1022 1750 obligatio
1034 1671 1108 1750 jure

174 1766 308 1827 naturali
323 1771 481 1845 nascetur,
493 1772 599 1828 tamen
615 1786 653 1828 ex
668 1766 811 1827 humanis
826 1764 948 1844 placitis
963 1768 1109 1826 statuun-

173 1866 225 1920 tur
239 1862 444 1941 conditiones
461 1864 517 1924 sed
532 1882 551 1926 a
565 1866 628 1924 Deo
648 1863 715 1942 ipso
735 1860 916 1922 immediate
935 1864 967 1922 et
982 1861 1015 1919 in
1030 1877 1109 1921 eon-

174 1961 258 2018 ereto
291 1959 394 2037 quoad
428 1978 537 2022 omnes
568 1978 642 2022 suas
674 1957 929 2033 constitutiones,
960 1955 1108 2017 omnibus

162 2054 312 2114 'numeris
331 2057 499 2118 constituta
518 2062 574 2120 est.
597 2059 679 2136 Ergo
698 2056 728 2140 si
743 2059 933 2117 oonourrunt
952 2054 1108 2116 eonditio-

173 2165 355 2211 aesomnes
372 2149 444 2230 jure
466 2152 571 2214 divino
593 2151 781 2230 constitutae,
794 2152 862 2231 jam
879 2169 937 2231 per
954 2169 987 2211 se
1009 2150 1108 2212 habet

173 2261 263 2307 suam
277 2246 457 2309 firmitatem
472 2267 529 2310 neo
544 2253 647 2328 potest
664 2248 734 2308 fieri
754 2251 790 2309 ut
810 2264 872 2308 non
895 2248 934 2308 sit
954 2246 1029 2307 dum
1045 2251 1104 2323 est,

173 2342 263 2404 siouti
282 2361 344 2405 non
364 2349 467 2422 potest
484 2346 563 2422 fieri,
580 2351 615 2406 ut
633 2344 674 2407 sit
686 2344 739 2405 ubi
754 2361 817 2405 non
832 2348 889 2405 est.
907 2344 989 2423 Ergo
1009 2343 1109 2404 habet

173 2441 319 2499 naturam
329 2440 400 2519 jure
415 2442 553 2502 humano
568 2440 796 2520 intangibilem.

214 2533 276 2592 Sed
289 2537 498 2613 respondetur
512 2538 686 2617 prinoipem
698 2538 772 2598 lieet
790 2554 855 2597 suae
874 2535 1021 2614 potestati
1040 2555 1106 2598 non

173 2626 326 2689 subdatur
339 2632 584 2711 matrimonium,
599 2634 722 2695 irritare
742 2633 977 2694 matrimonium
995 2637 1105 2712 quate-

172 2740 231 2782 nus
260 2741 324 2784 suae
352 2728 499 2805 potestati
527 2728 703 2790 subduntur
730 2729 969 2801 contrahentem
1000 2734 1106 2807 potest

171 2816 294 2879 irritare
307 2819 432 2882 illorum
446 2840 644 2900 eonsensum,
662 2826 744 2884 etea
758 2826 911 2902 potestate
922 2840 941 2882 a
951 2825 1015 2883 Deo
1030 2840 1105 2882 oon·

172 2931 259 2976 oessa
272 2914 305 2974 in
319 2915 438 2978 bouum
451 2922 561 2996 status,
575 2919 695 2981 minuet
706 2918 780 3000 jura
788 2917 941 2980 individui
952 2935 1009 2997 pro
1017 2917 1104 2980 bono

172 3015 415 3077 communitatis.

211 3112 288 3172 Nolo
309 3130 359 3172 me
381 3113 555 3175 immiscere
574 3114 606 3174 iu
625 3113 776 3176 solvenda
796 3114 856 3176 heo
875 3114 1103 3190 controversia,

171 3209 346 3283 presertim
360 3227 432 3270 oum
446 3210 551 3272 striote
566 3229 629 3272 non
643 3211 760 3272 aftioiat
773 3229 841 3272 rem
854 3214 1004 3272 nostram.

211 3304 337 3365 Certum
358 3311 547 3384 esttamen,
571 3309 656 3388 quod
677 3309 727 3369 vel
748 3308 926 3369 dirimentia
945 3311 995 3370 vel
1014 3326 1103 3369 mere

171 3398 361 3475 prohibitiva
374 3403 599 3480 impedimenta
612 3405 746 3484 prinoipi
760 3406 784 3466 si
804 3406 850 3466 fas
868 3405 909 3467 sit
927 3423 1103 3484 apponere,

170 3492 201 3550 in
217 3507 254 3550 eo
270 3491 387 3555 habent
399 3495 529 3556 limitem
544 3497 595 3575 qui
611 3497 651 3558 ab
669 3499 738 3576 ipsa
755 3505 867 3560 natura
886 3503 934 3562 est
952 3498 1104 3561 eonstitu-
