2548 4020
167 291 227 350 260
375 299 605 346 ntsrrrononns
625 299 707 346 ronrs
730 300 885 346 enuonrer.

169 448 299 528 quinon
325 451 398 508 sunt
421 442 616 507 successores
637 442 762 517 Christi,
782 445 839 505 sed
857 437 970 508 Christi
991 446 1098 509 vicarii

169 551 199 607 et
232 541 376 619 ministri,
415 540 541 602 nomine
568 538 679 601 Christi
715 539 867 617 offerunt,
905 559 961 603 seu
996 544 1098 621 potins

168 659 224 720 per
238 657 292 700 eos
317 643 466 716 tanquam
485 635 620 697 visibiles
643 642 674 697 et
695 634 897 698 secundarios
920 639 1099 701 sacerdotes

168 733 316 813 primario
345 739 375 793 et
398 731 592 794 invisibiliter
619 731 709 792 offert
732 732 893 810 Christus,
917 751 981 794 non
1005 735 1099 795 saeri-

168 831 274 892 ficium
300 828 491 889 diversuma
513 827 663 890 sacrificio
688 826 810 902 Christi,
837 828 894 888 sed
917 827 994 890 illud
1015 827 1098 890 idem

169 925 355 988 sacrificium
369 923 491 1001 Christi,
509 923 539 982 in
555 923 705 984 offerendi
721 925 842 984 tantum
857 925 977 986 ratione
998 924 1098 986 diver·

169 1041 249 1084 sum.
267 1024 345 1084 Nam
359 1020 470 1081 eedem
483 1020 536 1079 illa
549 1020 651 1080 hostia
666 1037 736 1098 quae
751 1020 784 1080 in
798 1037 854 1080 are
868 1021 970 1081 crucis
993 1021 1098 1083 oblate

169 1121 233 1194 est,
260 1117 389 1179 offertur
410 1116 443 1177 in
463 1113 668 1178 Eucharistie.
695 1115 783 1177 Idem
807 1116 859 1177 ille
883 1116 1022 1179 Christus
1045 1116 1099 1196 qui

169 1213 306 1292 seipsum
321 1211 432 1274 obtulit
445 1212 478 1272 in
493 1228 547 1271 ere
561 1211 662 1272 erneis
676 1229 710 1272 se
729 1211 864 1274 offertio
889 1214 1095 1277 Eucharistie.

209 1310 282 1371 Sole
295 1307 470 1371 differentia
493 1308 526 1367 in
541 1325 579 1369 eo
601 1313 648 1368 est
671 1307 756 1386 quod
780 1325 863 1370 mors
887 1327 983 1389 qnam
1005 1311 1099 1373 subiit

169 1407 309 1470 Christus
324 1406 356 1466 in
371 1422 425 1465 ara
439 1403 549 1480 crucis,
565 1403 777 1482 inanimalis,
796 1407 827 1466 et
841 1405 973 1484 proinde
988 1424 1100 1470 cruen-

171 1510 236 1564 tum
251 1499 364 1565 obtulit
377 1504 442 1562 Deo
457 1499 642 1562 sacrificinm
665 1501 741 1562 reali
755 1503 951 1580 separatione
975 1503 1101 1582 sangui-

170 1597 218 1658 nis
245 1617 263 1657 e
287 1615 434 1676 corpore;
460 1597 493 1658 in
514 1596 715 1659 Eucharistiae
739 1595 888 1659 sacrificio
910 1598 979 1660 haee
1003 1617 1097 1673 mors,

169 1697 237 1756 hece
251 1694 412 1774 sanguinis
426 1694 583 1755 distinctio
599 1711 757 1774 aeorpore
769 1694 809 1756 sit
818 1712 904 1755 mere
915 1694 1099 1774 symbolica,

169 1790 312 1871 mystica,
333 1791 579 1870 representative
603 1795 634 1853 et
656 1791 688 1851 in
710 1791 810 1870 signo,
836 1810 907 1853 enm
928 1811 967 1854 ex
988 1792 1099 1855 Christi

169 1886 265 1964 ipsius
287 1883 479 1947 institutione
499 1883 528 1945 vi
551 1884 720 1945 verborum
743 1886 987 1947 consecrationis
1010 1904 1101 1965 sepa·

169 1986 257 2042 retur
280 1977 440 2060 sanguise
462 1997 604 2059 corpore,
626 1988 657 2044 et
671 1981 802 2059 proinde
821 1999 961 2060 praesens
983 1981 1100 2044 sistitur

170 2079 308 2140 Christus
322 2079 354 2139 in
368 2083 449 2140 statu
464 2077 607 2151 victimae,
624 2096 681 2139 seu
699 2079 759 2139 sub
782 2072 872 2158 signo
887 2077 998 2142 mortis
1017 2078 1100 2142 illius
1160 2152 1164 2158 .

171 2191 266 2251 quem
280 2191 336 2251 pro
353 2173 452 2233 salute
467 2176 574 2232 nostre
588 2189 699 2250 passus
715 2175 773 2234 est.

210 2273 284 2331 Hoeo
308 2267 456 2332 offerendi
471 2267 632 2330 diversitas
656 2268 730 2330 feeit
753 2276 788 2330 ut
811 2285 910 2330 uuum
933 2269 973 2330 ab
1001 2267 1099 2329 altero
1181 2343 1182 2348 ἵ

170 2367 420 2428 discriminemus
436 2372 585 2444 tanquam
600 2365 786 2428 sacrificium
801 2365 959 2445 religionis
974 2383 993 2425 a
1007 2364 1100 2424 sacri-

169 2462 240 2525 ficio
248 2465 482 2542 redemptionis,
491 2466 643 2539 tanquam
655 2460 1007 2548 sacrificiumrcligionis
1015 2461 1101 2540 quod

171 2565 218 2620 est
233 2577 327 2620 causa
342 2559 585 2622 instrumentalis
600 2558 649 2620 vel
662 2557 844 2620 immediate
859 2561 972 2620 nostres
992 2557 1101 2636 justifi-

170 2655 312 2731 cationis,
329 2661 483 2732 qnatenus
504 2656 585 2716 illins
607 2654 763 2716 oblatione
784 2656 925 2734 placatus
944 2658 1028 2717 Deus
1047 2656 1101 2717 do·

171 2768 258 2811 mum
280 2751 470 2830 poenitentiae
486 2750 641 2828 concedit,
663 2770 682 2812 a
702 2752 852 2814 sacrificio
876 2751 1100 2830 redemptionis

171 2844 256 2925 quod
280 2841 425 2907 satisfecit
439 2846 504 2905 Deo
529 2850 560 2905 et
574 2862 669 2907 cansa
693 2846 851 2909 meritoria
865 2846 964 2907 extitit
984 2850 1098 2906 nostrae

172 2940 423 3005 sanctificationis
448 2960 456 3002 :
483 2959 581 3002 unum
595 2943 757 3023 multiplex
780 2960 835 3004 seu
859 2961 943 3023 saepe
966 2941 1099 3002 offeren-

172 3041 258 3116 dum,
275 3041 408 3101 alterum
430 3037 527 3100 semel
540 3038 680 3101 oblatum
703 3040 931 3101 consummavit
953 3040 987 3100 in
1011 3045 1099 3100 eeter-

172 3156 248 3198 num
263 3135 487 3209 sanctificatos;
504 3135 561 3197 sed
575 3135 787 3198 substantialis
810 3135 956 3197 identitas
970 3133 1044 3196 facit
1066 3138 1101 3194 nt

173 3233 317 3295 attribute
333 3233 425 3308 unius
439 3232 631 3312 reperiemus
650 3232 681 3292 in
694 3234 804 3311 altero,
825 3239 856 3294 et
871 3239 1038 3310 utrumque
1058 3229 1102 3292 la-

172 3330 348 3405 treutieum,
366 3327 624 3405 Eucharistienm,
640 3329 900 3408 impetratorium,
917 3326 1102 3407 propitiato-

174 3440 242 3482 rum
251 3424 300 3485 sit.
311 3427 357 3486 Ite
365 3423 504 3502 exposita
514 3424 649 3486 essentie
659 3424 836 3504 dogmatice
846 3423 987 3486 sacrificii
998 3420 1101 3484 cultus

173 3516 341 3594 christiani,
350 3517 660 3596 videamusquaedam
668 3519 710 3583 illi
719 3521 915 3600 responderit
923 3516 1096 3597 disciplina.

1257 3623 1262 3792 ι
