2530 4016
370 337 409 382 ne
431 335 559 382 oerncro
580 335 662 380 runis
684 335 838 380 aaronica
863 354 865 360 .
1010 325 1068 384 333

139 490 265 550 autem:
282 483 336 544 las
348 479 647 561 procurationislhoc
658 483 704 542 est
713 481 885 560 gratuitum
900 481 1070 562 hospitium

138 583 257 644 dictum
270 577 475 659 procuratio),
491 576 575 657 quod
590 579 713 640 constat
726 575 886 638 moderatis
898 577 1071 641 victualibus

138 679 284 757 episcopo
300 675 449 736 ecclesias
463 673 607 736 dioecesis
618 689 682 733 suae
693 672 841 734 visitanti.
853 674 909 734 lus
918 673 1069 740 cattedra-

139 774 228 834 licam
243 775 298 834 aut
310 769 510 852 synodaticum
524 787 580 830 seu
595 769 703 848 pensio
723 768 853 848 singulis
872 769 962 830 annis
977 789 996 831 a
1010 765 1069 832 cle·
1171 785 1173 788 ·

137 870 211 931 ricis
224 871 366 946 tempore
381 866 494 946 synodi
503 866 536 925 in
547 866 700 927 honorem
714 866 873 926 cathedra
884 866 1035 929 solvenda
1045 868 1066 930 ¹.

138 969 313 1045 Utrumque
334 963 438 1045 quoad
458 963 665 1042 quantitatem
684 962 844 1026 dimetitur
862 982 900 1023 ex
916 964 1067 1028 moribus.

177 1064 235 1123 lus
262 1058 384 1121 subsidii
409 1059 580 1120 charitativi
605 1077 678 1120 cum
704 1059 877 1138 Episcopus
908 1059 1067 1139 indigeat:

138 1155 296 1235 quantitas
312 1173 350 1216 ex
363 1155 503 1217 moribus
517 1153 754 1216 determinatur.
768 1153 905 1233 Spoliare
915 1159 962 1218 est
972 1155 1070 1234 quod-

30 1317 35 1330 ,
137 1253 213 1314 dam
234 1251 480 1313 ecclesiasticum
510 1251 669 1329 peculium
690 1250 776 1329 quod
797 1250 906 1312 mortis
928 1255 1070 1330 tempore
1147 1276 1154 1290 ·

138 1349 179 1410 ad
206 1349 379 1410 Ecclesiam
403 1347 554 1426 pertinet,
580 1345 707 1425 quando
731 1363 844 1423 nempe
868 1345 1070 1408 ecelesiastici

137 1441 316 1503 beneficiati
334 1440 385 1501 vel
407 1440 564 1502 decedunt
585 1439 652 1501 sine
666 1442 864 1516 testamento,
881 1439 931 1501 vel
945 1441 1011 1501 sine
1026 1440 1071 1502 ia·

139 1536 254 1597 cultata
282 1533 420 1596 testandi
441 1533 622 1612 disponunt.
645 1533 745 1594 Hodie
771 1550 896 1594 camera
916 1533 1071 1612 pontificis

139 1629 272 1692 Romani
286 1629 345 1690 sibi
366 1629 505 1691 vindicat
518 1628 638 1691 fructus
653 1628 858 1691 ecclesiarum
879 1647 898 1690 a
918 1628 1072 1690 deceden-

138 1726 222 1789 tibus
235 1724 429 1788 beneficiatis
449 1724 585 1786 relictos.
608 1724 671 1786 Sed
692 1741 755 1786 non
777 1725 810 1786 in
830 1725 974 1788 amnibus
998 1745 1072 1806 pro-

138 1820 249 1882 vinciis
264 1821 460 1883 observatur.

178 1917 333 1998 deportas,
351 1935 407 1978 sen
416 1917 471 1999 jus
487 1916 680 1996 percipiendi
701 1918 881 1979 vacantium
902 1917 1071 1980 beneficio-

138 2031 208 2073 rum
232 2011 384 2090 redditus,
409 2031 489 2094 quos
512 2013 660 2092 Episcopi
681 2012 731 2073 vel
753 2012 804 2072 alii
833 2013 997 2075 collatores
1011 2013 1069 2075 sibi

137 2105 327 2168 tribuebant.
353 2106 452 2168 Hodie
474 2106 570 2168 etiam
592 2105 625 2166 hi
645 2104 716 2185 jure
742 2105 833 2184 spolii
856 2106 898 2166 ad
917 2107 1069 2168 Cameren

138 2193 575 2282 apostolicamdevolvuntur.

176 2298 305 2360 Anaatoe
319 2315 374 2358 seu
390 2296 527 2358 dimidiae
543 2299 666 2358 annates
683 2313 752 2376 quae
767 2297 978 2360 solvuntur-de
988 2297 1069 2360 fruc·

136 2396 219 2459 tibus
242 2396 355 2476 prioris
376 2396 449 2459 anni
473 2414 493 2456 a
516 2395 637 2460 clericis
659 2396 698 2456 de
721 2395 873 2458 beneficio
897 2396 1030 2476 provisis
1051 2416 1070 2458 a

138 2491 212 2554 sede
227 2491 409 2572 apostolice.

176 2589 271 2650 Plura
285 2587 324 2650 de
339 2589 387 2649 his
401 2587 510 2650 videas
525 2583 608 2667 apud
628 2586 748 2648 Walter
766 2587 799 2647 in
819 2587 882 2648 fine
901 2589 994 2668 primi
1013 2608 1070 2653 vo-

136 2683 274 2760 luminis,
291 2683 376 2764 apud
391 2682 563 2759 (ibaldum,
576 2701 607 2761 p.
624 2699 672 2759 111,
690 2683 774 2760 apud
789 2684 903 2764 Eleury
914 2685 953 2747 de
967 2686 1072 2749 Bene-

136 2779 225 2841 ficiis.
538 2803 540 2820 2

176 2875 365 2938 necantibus
378 2875 571 2956 temporibus
586 2894 681 2955 opere
703 2877 979 2940 conturbationum
994 2878 1083 2956 poli-⁴

135 2969 269 3032 ticarum
284 2971 397 3052 quibus
412 2972 481 3050 plus
496 2972 600 3035 minus
620 2973 761 3052 subjecta
779 2973 837 3034 fuit
857 2974 995 3052 Europa,
1019 2975 1069 3034 hic

134 3063 198 3128 illic
220 3065 379 3130 declarata
399 3071 472 3130 sunt
492 3068 612 3147 pradia
633 3067 845 3131 ecclesiastica
863 3069 1070 3148 proprietates

168 3253 176 3286 ¹
191 3253 246 3302 lloc
264 3266 353 3317 neque
369 3251 561 3304 immemoriali
581 3255 717 3304 contrarie
731 3253 930 3306 consuetudine
945 3257 1069 3320 praescri-

137 3328 220 3394 bitur,
231 3335 262 3382 ut
275 3335 380 3383 constat
392 3346 424 3384 ex
435 3334 543 3382 decreto
554 3344 646 3394 congr.
658 3345 733 3383 conc.
745 3334 826 3396 bjun.
838 3337 908 3386 1693.
918 3334 949 3385 Et
960 3333 1067 3384 etiamsi

136 3418 192 3454 non
210 3405 394 3458 celebraretur
410 3408 541 3472 synodus,
558 3406 626 3456 solvi
641 3413 734 3458 tamen
746 3408 857 3461 deberet
871 3411 1025 3473 quotannis,
1040 3416 1069 3462 ut
1154 3425 1160 3433 ·

137 3483 242 3530 constat
261 3495 294 3531 ex
313 3476 439 3546 pluribus
460 3481 692 3535 declarationibus
713 3497 803 3548 congr.
826 3499 901 3538 conc.
923 3489 995 3552 apud
1019 3491 1068 3536 Be-

136 3558 199 3608 ned.
214 3557 269 3607 XlV
284 3558 316 3621 (l.
330 3560 351 3609 V
365 3559 398 3608 de
412 3560 478 3622 syn.
493 3559 572 3610 dimo.
588 3572 611 3608 e.
627 3566 685 3623 vir).

917 3646 963 3702 la*
