2476 4022
131 269 170 328 58
203 293 206 300 =
338 275 565 322 rnsrrrurronss
586 275 669 320 Jonrs
691 273 846 320 canorum.

45 455 49 464 ’
131 428 243 505 urgeat
264 423 325 483 boc
348 425 540 501 praeceptum
563 421 689 501 quando
713 421 763 482 vel
787 421 887 480 honor
908 422 939 481 st
960 417 1075 480 cultus

131 523 197 582 Deo
216 517 349 594 debitus,
366 518 416 577 vel
435 517 620 595 obsequium
639 533 715 594 erga
733 515 951 576 auctoritatem
966 513 1076 574 eccle-

133 611 290 673 siasticam
307 610 551 690 precipientem,
568 607 618 670 vel
639 608 756 671 utilitas
776 607 926 690 proximis
944 607 1077 687 impen-

133 706 247 782 denda,
262 706 437 785 praesertim
450 704 483 764 in
498 707 765 764 sacramentorum
779 701 1073 778 administratione,

111 800 376 862 celebrationem
398 800 491 861 istam
514 801 696 879 postularet.
723 798 785 860 Sed
810 797 878 858 baec
896 796 1002 874 potius
1025 795 1076 856 ad

133 895 309 956 moralistss
328 895 339 956 :'
357 899 498 955 nostrum
516 895 620 974 potius
639 895 797 975 inquirere
817 891 909 973 quale
928 907 1077 972 praeeep·

133 995 201 1053 tum
222 991 314 1064 detur
334 989 374 1050 ab
396 991 536 1051 Ecclesia
555 992 593 1052 in
610 993 719 1052 ordine
741 991 783 1053 ad
801 991 883 1052 bsnc
901 989 1076 1051 Missarum

135 1085 390 1164 celebrationem,
418 1091 453 1148 ut
479 1085 552 1146 inde
576 1087 772 1148 deducamus
800 1085 899 1167 qualis
928 1083 1076 1147 obtineat

136 1187 265 1244 externa
291 1182 437 1244 Ecclesiae
461 1183 637 1246 oeconomis
664 1184 769 1263 qucsd
790 1180 898 1264 istud?
911 1181 1008 1260 ldrgo'
1015 1180 1074 1262 jus

136 1295 301 1341 commune
316 1279 478 1359 distinguit
491 1279 573 1342 inter
587 1280 758 1360 simplicem
769 1277 1006 1341 sacerdotemet
1020 1294 1072 1338 ss-

137 1374 281 1436 cerdotes
308 1375 362 1455 qui
389 1375 515 1455 speciali
543 1375 648 1456 aliquo
671 1376 759 1438 titulo
782 1373 824 1438 ad
847 1373 907 1434 boc
930 1371 1071 1433 officinm
1131 1429 1135 1436 ,
1230 1335 1231 1404 Ῐ

136 1474 313 1534 teneantur.

177 1565 286 1636 Quoad
305 1566 460 1646 simplices
479 1567 669 1644 sacerdotes,
690 1566 776 1632 Trid.
796 1579 873 1628 sess.
889 1567 939 1641 23,
956 1581 984 1626 c.
1002 1566 1066 1628 ll:

142 1681 158 1718 ιι
171 1659 265 1720 Curet
278 1660 441 1741 episcopus
459 1668 495 1725 ut
513 1662 691 1724 sacerdotes
709 1662 820 1725 saltem
839 1659 948 1721 diebus
968 1657 1072 1718 domi-

138 1755 217 1816 nicis
229 1758 261 1816 et
274 1754 359 1816 festis
373 1757 564 1818 solemnibus
579 1755 749 1820 celebrant.
766 1777 781 1816 o
803 1756 871 1817 Inn.
888 1752 928 1814 111
947 1751 980 1812 in
996 1769 1068 1832 cap.

138 1850 284 1912 Dolentos
302 1849 342 1910 de
361 1851 765 1930 celebrationellissarum,
786 1847 943 1929 improbat
961 1863 1072 1908 eorum

139 1946 362 2027 negligentiam
383 1949 436 2030 qui
461 1949 513 2011 vix
534 1953 645 2030 quater
665 1949 698 2011 iu
721 1965 804 2010 anno
827 1943 1069 2009 celebrabant...

139 2046 284 2107 Ceterum
306 2042 380 2105 licet
400 2044 549 2108 ardenter
572 2045 677 2126 cupiat
699 2043 838 2106 Ecclesia
861 2041 1070 2120 frequentem,

139 2140 202 2201 imo
214 2139 429 2217 quotidianam
439 2141 532 2222 hujus
541 2142 686 2204 sacrificii
697 2139 942 2202 celebrationem
951 2135 1022 2196 fieri
1031 2136 1072 2198 ab

138 2236 285 2298 omnibus
304 2237 531 2318 sacerdotibus,
547 2244 654 2302 temen
672 2238 851 2301 absolutum
866 2236 1072 2314 preceptum,

138 2334 314 2413 praesertim
335 2335 393 2396 sub
415 2337 516 2415 gravi,
543 2353 605 2396 non
626 2339 728 2414 potest
749 2331 967 2395 demonstrari.
993 2332 1072 2390 Nem

140 2429 305 2490 decretalis
319 2430 502 2508 Innocentii,
519 2430 595 2492 dum
608 2429 766 2510 improbat
778 2427 1009 2506 infrequentem
1022 2441 1073 2485 ce-

140 2522 357 2602 lebrationem,
375 2509 437 2585 non
452 2526 627 2604 p'raescribit
638 2527 705 2586 dies
719 2521 911 2586 celebrandi.
924 2519 1074 2583 Dubitant

141 2637 181 2680 sn
188 2619 265 2680 illud
276 2623 458 2684 carcedone.
467 2623 553 2684 Trid.
562 2623 627 2684 vim
639 2623 754 2684 babeat
764 2618 924 2701 praecepti,
934 2621 966 2680 et
972 2617 1072 2697 posito

142 2713 237 2777 etism
255 2715 340 2795 quod
359 2735 429 2778 eam
448 2718 573 2797 babeat,
590 2737 631 2780 su
651 2718 768 2799 obliget
786 2717 844 2780 sub
862 2714 981 2778 lethali.
999 2715 1074 2788 Quae

143 2827 241 2892 quum
254 2810 297 2872 its
311 2811 383 2892 sint,
402 2816 545 2877 concludi
560 2816 654 2878 debet
672 2815 844 2876 ltcclesiem
860 2811 1014 2874 remisisse
1033 2809 1074 2872 ad

144 2923 253 2968 curam
267 2906 404 2989 episcopi
418 2914 453 2974 ut
466 2910 577 2972 diebus
591 2913 703 2974 saltem
716 2908 908 2972 solemnibus
927 2910 958 2969 et
975 2905 1076 2973 domi·

143 3003 221 3064 nicis
243 3003 422 3069 sacerdotes
445 3009 572 3070 Missam
595 3009 754 3070 celebrent
776 3025 783 3067 ε
807 3004 952 3068 vitandos
970 3005 1076 3064 autem

145 3118 213 3162 csse
228 3102 308 3165 duos
322 3123 479 3185 excessus,
496 3107 561 3172 sive
579 3123 692 3170 eorum
704 3089 756 3186 qui
771 3105 880 3166 dicunt
897 3100 1076 3163 sacerdotes

145 3199 284 3276 legitime
299 3220 360 3264 ncn
376 3204 542 3285 impeditos
556 3205 594 3266 iis
608 3204 718 3266 diebus
736 3203 913 3265 omittentes
931 3197 1011 3260 sacri
1026 3213 1077 3258 ce·

145 3297 351 3358 lebretionem
365 3305 539 3366 mortaliter
548 3319 689 3383 peccare,
703 3301 767 3362 sive
778 3317 888 3362 eorum
903 3297 957 3379 qui
969 3295 1078 3358 dicunt

146 3393 309 3456 venialiter
328 3401 451 3461 tantum
471 3419 602 3481 peecare
623 3401 819 3463 sacerdotem
839 3396 892 3478 qui
916 3407 1077 3474 nunquam

146 3505 335 3572 perannum
351 3496 497 3562 celebret.
