2530 4016
404 257 443 302 ns
465 257 592 304 oasncro
612 257 695 302 runis
717 257 873 304 canonrcr.
1044 247 1101 306 287

172 404 274 465 solum
294 400 375 462 vitiis
403 400 528 462 obstare
550 400 663 480 quibus
685 401 838 480 potuisset
860 419 927 463 essa
954 403 1099 465 obnoxia.

212 500 348 562 Firmato
372 498 469 575 igitur
491 497 644 576 principio
668 497 754 576 quod
774 497 935 559 servitium
955 499 1102 560 llcclesiae

173 596 255 654 esset
269 592 371 652 titulus
385 611 433 652 seu
452 591 529 650 ratio
550 589 742 650 ordinationis
755 590 919 668 clericalis,
936 593 1104 670 parvipen-

172 689 287 750 derunt
301 706 341 749 an
356 687 416 749 hoc
431 685 594 774 seruitium
611 690 695 749 essct
705 686 772 765 jam
787 691 859 749 ante
874 687 1104 749 ordinationem

173 783 428 860 determinatum,
444 783 590 846 videlicet
608 788 729 844 certum
750 781 909 862 quoddam
932 786 964 845 et
984 802 1104 862 perma-

174 899 250 942 nens
265 879 403 942 officium
418 897 554 957 sacrum,
571 883 626 942 aut
639 898 695 958 pro
711 881 857 943 Ecclesia
873 880 1058 943 necessitate
1074 885 1105 941 et

173 975 407 1057 opportunitate
422 977 462 1038 ab
476 977 630 1054 Episcopo
652 980 723 1055 post
746 977 977 1038 ordinationem
1002 977 1105 1038 deter-

174 1068 370 1150 minandum,
391 1074 561 1136 dummodo
580 1091 728 1153 congruae
748 1074 933 1135 olorinorum
951 1077 1106 1134 sustenta·

172 1169 251 1229 tioni
273 1167 354 1229 forat
377 1167 569 1228 sufficienter
590 1167 763 1245 provisum,
784 1167 868 1228 unde
893 1167 999 1245 quoad
1023 1168 1105 1228 hauc

174 1270 296 1341 partem
310 1262 456 1325 videlicet
471 1262 636 1346 temporalis
649 1261 894 1335 substentandum,
907 1261 1105 1338 potissimum

174 1355 378 1418 ordinationis
392 1355 519 1418 titulum
538 1355 790 1432 consideramus,
812 1354 918 1433 prouti
937 1353 1037 1414 fusius
1058 1354 1106 1414 di-

173 1453 286 1514 ximus.
303 1451 366 1514 Sed
381 1451 512 1532 quilibet
529 1448 638 1512 titulus
653 1453 820 1512 extraneus
838 1450 878 1511 ab
894 1449 998 1510 officio
1013 1467 1103 1511 sacro

172 1539 370 1630 permanenti
383 1548 415 1608 in
430 1547 570 1608 Ecclesia
584 1547 754 1608 constituta
767 1565 824 1624 pro
833 1546 1046 1607 functionibus
1057 1545 1106 1606 di-

173 1645 237 1704 vini
252 1645 353 1706 cultus
367 1643 527 1706 ordinario
543 1643 707 1720 obeundis,
723 1647 875 1722 tanquam
894 1642 1001 1704 titulus
1021 1641 1106 1703 ordi-

175 1740 310 1804 nationis
331 1740 549 1818 subsidamus,
574 1738 698 1802 habitus
717 1748 775 1816 est,
797 1745 829 1800 et
845 1739 899 1802 illa
913 1737 1016 1800 officia
1035 1741 1106 1799 tan-

173 1855 269 1916 quam
292 1836 442 1898 ordinarii
466 1836 670 1898 ordinationis
692 1836 773 1899 tituli
797 1836 903 1897 habita
923 1837 1006 1911 snut,
1031 1834 1105 1894 licet

174 1952 237 1995 non
258 1934 370 1996 eodem
391 1936 463 1995 actu
484 1932 700 2010 ordinationis,
722 1932 777 1992 sed
797 1934 870 1992 ante
884 1931 986 2009 ipsam
1001 1933 1106 1991 essent

173 2030 297 2093 collata.
315 2030 459 2094 Officium
473 2046 598 2091 sacrum
611 2045 736 2108 semper
749 2028 899 2088 remansit
907 2027 939 2087 in
956 2029 1016 2087 hoc
1031 2043 1105 2088 con-

173 2131 265 2206 ceptu
281 2127 364 2207 quod
383 2127 421 2188 sit
439 2145 446 2186 :
462 2126 592 2206 officinm
612 2143 704 2184 succes
724 2122 899 2204 pcroqcndis
917 2122 1102 2193 destinatum,

172 2223 271 2283 ordini
284 2222 413 2284 clericali
426 2220 598 2300 respondens
612 2229 640 2280 et
654 2219 841 2280 ecclesiastica
862 2218 1031 2278 auctoritate
1053 2216 1102 2275 de-

175 2318 359 2379 terminatam
373 2317 403 2376 in
418 2317 518 2378 ordine
531 2315 572 2376 cd
584 2316 689 2388 locum,
711 2323 833 2395 ternpus,
853 2312 980 2388 modam,
1003 2327 1102 2389 perso-

174 2430 277 2475 nas...
292 2411 333 2472 cd
344 2411 575 2472 circunstantiae
590 2427 685 2470 omncs
698 2408 863 2488 subquibos
877 2413 1040 2467 coercetur.

515 2575 527 2621 ε
542 2569 576 2612 11.
590 2581 618 2612 nr
634 2579 764 2612 suscianus.

214 2682 308 2742 XXX.
326 2679 435 2740 Officia
448 2679 510 2739 alia
524 2677 661 2756 propria,
678 2677 740 2737 alia
762 2675 935 2754 impropria
956 2674 1104 2737 videlicet

174 2778 379 2854 temporanea
392 2779 446 2836 aut
459 2777 622 2854 perpetua.

216 2871 411 2951 Temporcneo
426 2889 495 2951 quae
510 2869 619 2932 autad
633 2873 757 2948 tempus
771 2870 976 2930 instituuntur
992 2871 1047 2928 aut
1061 2867 1102 2927 ad

174 2970 298 3046 tempus
321 2968 534 3031 conferuntur.
550 2967 703 3028 Dicuntur
717 2963 882 3044 improprio
896 2961 1011 3037 officia,
1029 2962 1104 3040 quia

175 3081 237 3124 non
252 3064 379 3126 firmant
395 3064 583 3144 positionem
602 3067 634 3124 et
652 3059 892 3138 occupationem
905 3075 1048 3135 persona
1072 3056 1104 3116 in

174 3163 333 3224 societate.
351 3162 498 3242 Perpetua
513 3179 583 3241 quae
597 3162 630 3221 in
644 3161 831 3237 perpetuum
846 3159 919 3216 sunt
934 3153 1105 3216 constituta

175 3262 206 3319 ct
228 3259 462 3336 inperpetuum
481 3257 700 3329 conferuntur3
723 3257 754 3314 et
773 3253 840 3313 haec
859 3251 988 3330 propria
1003 3251 1106 3313 officia

174 3357 247 3415 sunt
254 3359 404 3435 tanquam
415 3371 548 3415 munera
556 3351 709 3415 stabiliter
719 3349 887 3411 constituta
898 3365 967 3427 quae
978 3347 1107 3408 firmant

112 3530 117 3538 Ι
174 3453 291 3510 statum
306 3455 337 3512 et
351 3451 589 3530 occupationem
603 3449 798 3509 clericorum.
