2476 4022
174 241 212 300 st
381 257 609 305 nlsrtrurronss
630 257 713 304 scats
737 257 891 306 cruorum.

214 403 265 462 111.
290 402 331 462 Al
343 401 416 463 licat
430 402 490 463 hoc
505 403 664 463 communi
685 421 778 464 sensu
801 403 971 484 recipiatur
990 405 1104 486 (quoad

174 498 1104 579 snimministrumordinariumhabemussynodi'lrideutinae

175 596 399 675 definitionem,
421 597 525 677 quoad
544 596 722 660 ministrum
743 598 1028 662 extraordinarium
1050 601 1106 661 ha-

174 693 285 756 bemus
299 696 417 757 factum
432 696 468 755 R.
481 698 529 772 P.,
543 695 638 775 quod,
652 693 917 773 quemadmodum
924 695 988 776 juri
1000 695 1104 758 divino

175 795 420 854 consentaneum
434 794 491 867 est,
508 791 552 852 ita
565 790 739 853 definitioni
753 790 878 852 videtur
888 791 1103 871 aequivalere),

175 891 360 950 nontamen
384 886 572 967 quastiones
592 887 631 948 de
653 888 711 948 hac
733 905 767 948 re
788 885 1003 968 concipienda
1025 889 1107 950 inter

175 979 351 1058 'l'heologos
366 979 397 1042 et
410 978 594 1041 canonistas
609 985 781 1041 cessarunt.

214 1079 245 1136 {⁰
270 1077 432 1149 Quomodo
457 1077 539 1138 enim
564 1095 602 1136 ex
625 1077 822 1156 delegatione
846 1077 988 1139 minister
1011 1073 1105 1160 hujus

174 1173 362 1234 sacramenti
397 1171 615 1234 constituitur?
640 1207 681 1218 -
706 1177 738 1234 2⁰
766 1175 800 1236 Si
827 1175 973 1254 delegare
1002 1179 1106 1255 potest

175 1287 314 1332 summus
326 1269 479 1346 Pontifex,
496 1288 593 1350 quare
607 1288 669 1332 non
680 1271 812 1350 simplex
823 1271 988 1351 episcopus
1000 1272 1103 1351 quoad

175 1363 337 1428 dioeoosim
351 1367 462 1429 suam?
526 1418 529 1423 .

215 1464 320 1525 Prima
346 1463 466 1542 quaestio
488 1462 588 1524 ardua
611 1467 668 1540 est,
694 1467 725 1525 et
748 1464 786 1525 de
810 1481 848 1524 ea
872 1463 989 1543 aliquid
1016 1463 1107 1526 innui

173 1560 206 1620 in
229 1561 365 1622 tractatu
389 1560 428 1620 de
451 1559 560 1620 ordina
583 1565 615 1620 et
635 1559 864 1641 jurisdictione.
890 1560 998 1621 Ardua
1022 1566 1070 1623 ast
1096 1583 1104 1625 ε

175 1673 249 1716 nam
263 1655 444 1734 hujusmodi
457 1655 646 1716 sacramenti
659 1655 887 1717 administratio
902 1657 1007 1735 quoad
1027 1657 1107 1718 vali-

175 1751 306 1815 ditatem
321 1753 438 1814 nullam
452 1753 548 1832 exigit
559 1753 810 1833 jurisdictionem
821 1753 1002 1814 certissime.
1015 1754 1107 1832 Epis-

175 1840 272 1929 copu's
294 1849 388 1924 enim,
413 1848 487 1910 licet
509 1867 678 1927 suspensus
701 1852 732 1911 et
754 1849 1053 1924 excommunicatus,
1079 1850 1104 1909 si

145 1941 149 1949 '
175 1943 340 2021 episcopus
363 1944 419 2018 est,
444 1942 548 2003 valide
572 1945 747 2004 comumat.
772 1944 906 2006 Unicum
931 1947 978 2004 est
1000 1961 1106 2004 sacra·

174 2037 316 2096 mentum
330 2035 415 2115 quod
436 2035 477 2096 ad
498 2035 637 2096 validam
658 2038 706 2098 sui
726 2036 924 2098 collationem
947 2036 1106 2098 desideret

171 2127 432 2208 jurisdictionem,
455 2131 486 2192 et
506 2132 552 2192 est
574 2131 767 2208 poenitentia,
793 2131 866 2210 quia
886 2131 1018 2208 requirit
1036 2148 1105 2190 san-

175 2226 305 2286 tentiam
316 2225 432 2306 judicis
445 2245 452 2287 :
465 2231 579 2287 caetera
593 2241 650 2303 per
662 2225 792 2286 modum
803 2225 878 2286 doni
887 2225 1101 2286 conferuntur.

174 2321 238 2382 Nec
252 2321 338 2384 dicas
349 2321 601 2402 jurisdictionem
611 2338 721 2400 sapere
731 2320 975 2400 adscriptionem
986 2321 1104 2382 militiae

174 2415 353 2476 christianae
384 2433 453 2495 quae
488 2433 545 2495 per
579 2415 639 2476 hoo
673 2418 906 2476 sacramentum
933 2416 1102 2496 elargitum

173 2510 276 2572 valide
292 2510 376 2571 enim
389 2529 452 2571 non
466 2511 656 2572 adscribitur
670 2510 788 2573 militiae
803 2511 863 2572 nisi
878 2513 931 2590 qui
946 2511 1110 2590 deputatis·

174 2623 193 2666 a
207 2624 282 2684 rege
296 2606 445 2667 ministris
459 2607 498 2666 da
513 2605 596 2685 regis
610 2607 772 2668 voluntate
791 2607 989 2668 adscribitur.
1013 2607 1103 2680 Quod

173 2702 257 2762 enim
271 2721 328 2780 per
342 2703 518 2782 analogiam
533 2703 665 2763 dicimus
680 2721 743 2764 non
764 2706 867 2783 potest
886 2704 1045 2784 prostrahi
1061 2703 1103 2764 ad

173 2794 378 2856 identitatem.

175 2939 176 2944 η
213 2892 389 2971 Adscriptio
404 2891 520 2953 militiae
536 2891 629 2970 civili,
647 2910 745 2972 quum
760 2909 822 2953 non
837 2894 1032 2972 compleatur
1046 2911 1104 2972 per
1227 2925 1228 2984 p

173 2993 278 3049 aetum
292 2987 376 3069 quod
390 2985 429 3048 de
444 3005 478 3049 re
493 2989 701 3050 substantiam
716 2989 837 3068 capiat,
854 2989 879 3050 si
895 2992 1005 3050 contra
1018 2988 1103 3068 regis

172 3083 365 3146 voluntatem
387 3084 432 3162 fil,
459 3101 521 3145 non
542 3088 665 3147 tantum
687 3085 804 3162 illicita,
830 3086 886 3147 sed
909 3089 941 3150 et
963 3085 1103 3146 invalida

173 3182 229 3239 est.

212 3272 253 3331 At
267 3273 387 3334 nonita
406 3273 439 3334 in
458 3273 705 3351 confirmatione,
730 3293 810 3355 quae,
833 3280 928 3354 prout
947 3278 1035 3337 actus
1051 3295 1104 3338 sa-

172 3365 381 3442 cramentalis,
398 3367 437 3428 de
452 3385 485 3429 se
507 3371 665 3448 operatur,
688 3369 761 3431 licet
781 3372 889 3431 contra
908 3369 1102 3432 voluntatem

171 3459 410 3540 prepositorum
420 3463 567 3527 ldooleeiae
577 3463 822 3527 administretur.
832 3465 972 3528 Identica
980 3467 1101 3528 ratione
