2504 4024
371 292 411 336 un
432 291 561 337 cornero
581 291 664 338 runrs
686 292 841 339 cruorum.
1014 283 1071 342 165

142 435 294 516 principio
309 435 450 515 generali
464 453 483 496 a
497 435 591 496 Lucio
605 437 646 496 lll
661 437 776 497 statuto
794 456 800 498 :
825 437 938 500 Libera
956 437 1072 500 debent

142 551 207 592 esse
233 529 446 607 matrimonia,
470 533 503 592 et
526 530 566 592 ad
588 530 665 592 illud
689 548 781 593 nemo
805 534 973 612 cogendus,
999 552 1071 596 cum

142 626 319 689 coactiones
334 625 474 686 difficiles
496 626 597 687 exitus
612 627 733 688 soleant
746 627 928 708 frequenter
940 629 1068 692 habere.

140 724 313 801 Propterea
339 721 399 782 hoc
421 721 510 782 Lucii
532 723 574 782 Ill
602 722 765 784 definitum
793 723 923 803 dignum
951 723 1069 800 vident,

139 817 225 897 quod
256 820 377 897 ponant
397 836 453 896 pro
473 817 583 898 regula
601 820 757 899 generali;
781 822 970 899 quapropter
991 820 1071 881 hanc

140 913 303 974 deducunt
315 913 470 974 theoriam
488 934 494 974 :

178 1009 212 1070 Si
223 1008 324 1089 judex
338 1008 518 1087 praeviderit
531 1009 636 1071 tristes
651 1011 778 1072 effectus
798 1012 852 1091 qui
870 1012 1071 1090 provenirent

140 1124 177 1166 ex
203 1105 423 1181 matrimonio,
449 1105 474 1166 si
498 1123 629 1184 sponsos
652 1105 693 1166 ad
715 1107 795 1168 illud
818 1107 1071 1169 contrahendum

139 1200 281 1262 censuris
305 1199 522 1261 ecclesiasticis
543 1205 670 1281 cogeret
690 1202 821 1276 invitos3
844 1207 982 1280 moneat,
1007 1219 1070 1263 uon

139 1304 242 1379 cogat.
262 1299 294 1360 Si
309 1298 488 1376 praeviderit
500 1299 640 1360 infelices
652 1301 752 1362 exitus
762 1302 996 1362 matrimonium
1007 1319 1070 1363 uon

24 1449 25 1470 ἶ
139 1412 206 1455 esse
220 1394 413 1470 habitururn,
438 1395 561 1456 etiamsi
581 1395 687 1474 sponsi
709 1395 748 1456 ad
770 1395 848 1457 illud
869 1399 1068 1475 cogerentur,

137 1492 266 1551 moneat
279 1507 342 1550 non
356 1490 468 1566 solum,
485 1491 540 1550 sed
560 1495 663 1570 cogat.
685 1492 721 1550 ln
741 1491 841 1569 primo
861 1509 947 1567 casu,
968 1489 1071 1569 majus

137 1585 257 1646 malum
270 1585 402 1665 impedit
415 1587 582 1665 quominus
601 1588 703 1647 minus
721 1587 839 1648 malum
858 1587 1002 1648 evitetur.
1025 1584 1071 1647 Si-

139 1682 266 1760 quidem
280 1682 473 1744 tolerabilius
487 1683 605 1743 malum
620 1687 676 1762 est,
693 1691 728 1747 ut
742 1685 839 1745 semel
854 1684 930 1746 data
943 1700 1070 1762 sponsa·

137 1777 214 1838 lium
227 1777 308 1838 fides
322 1796 385 1839 non
399 1785 552 1857 servetur,
570 1797 664 1858 quam
683 1784 718 1842 ut
738 1780 770 1840 in
788 1780 999 1855 matrimonio,
1020 1796 1070 1839 co·

137 1873 253 1951 putatis
275 1874 391 1951 invitis,
416 1875 495 1936 fides
518 1875 586 1954 ipsa
607 1875 782 1957 conjugalis
803 1895 875 1938 cum
896 1893 1019 1938 summo
1040 1879 1071 1935 et

137 1969 333 2049 irreparabili
362 1970 487 2036 familiae
516 1977 547 2034 et
574 1972 755 2051 reipublicae
779 1973 895 2034 damno
919 1989 981 2033 non
1005 1989 1071 2032 ser·

136 2070 243 2216 widdo
266 2155 369 2235 posita
390 2156 524 2232 theoria,
551 2155 707 2234 explicant
729 2154 943 2215 Alexandrum
966 2156 1006 2215 lll
1030 2154 1069 2214 de

137 2268 211 2311 coen
229 2251 382 2330 peculiari
397 2269 459 2330 quo
475 2251 583 2330 optimi
600 2253 728 2312 effectus
742 2267 782 2310 ex
800 2265 1004 2309 censurarum
1021 2249 1070 2308 in-

136 2347 273 2407 flictione
301 2348 585 2426 consequebantur,
623 2351 655 2409 et
689 2362 813 2406 summa
847 2342 1070 2404 avertebantur

135 2444 229 2505 mala.
247 2446 326 2504 Nam
340 2445 460 2524 species
474 2443 635 2524 proposita
649 2441 828 2504 Alexandro
843 2441 883 2501 lll
899 2458 937 2501 ex
957 2441 986 2499 l·
1006 2437 1070 2498 ool-

134 2541 268 2602 lectione
284 2541 504 2617 Decretalium,
521 2542 589 2603 haec
604 2539 708 2619 colligi
723 2542 867 2616 poterat:

174 2639 243 2699 Duo
257 2636 379 2698 nobiles
393 2639 454 2698 viri
466 2638 499 2698 in
514 2637 638 2717 cinglis,
660 2637 779 2698 ratione
802 2635 900 2712 feudi,
921 2635 1067 2696 contiuuo

135 2736 166 2794 et
179 2732 327 2794 diuturno
343 2733 424 2794 bello
440 2734 654 2795 decertabant.
678 2734 793 2794 Pacem
813 2733 973 2811 cupientes
994 2750 1069 2811 pac-

134 2832 201 2890 tum
214 2827 365 2905 inierunt,
381 2833 415 2892 ut
428 2831 493 2891 filia
507 2829 600 2890 unius
615 2828 728 2909 conjux
745 2835 828 2891 esset
845 2829 900 2889 filii
920 2830 1065 2912 alterius3

133 2926 187 2985 filii
203 2929 372 3003 paternum
381 2933 509 3004 pactum
518 2931 623 2988 ratum
633 2926 813 2988 habuerunt
823 2929 854 2986 et
860 2923 1066 3003 jurisjurandi

134 3021 286 3100 religione
300 3022 460 3082 firmatum
479 3025 535 3083 est.
558 3024 633 3083 Post
653 3022 713 3082 hoc
734 3039 815 3081 unus
836 3038 874 3079 ex
895 3019 971 3094 istis,
996 3037 1067 3078 cum

134 3117 297 3178 fraudibus
316 3136 429 3196 parare
450 3119 544 3179 vellet
563 3118 669 3196 copias
690 3117 733 3178 ad
752 3116 870 3177 bellum
891 3119 1067 3176 restauran-

135 3214 221 3290 dum,
242 3214 376 3275 suadere
396 3215 493 3293 coepit
512 3214 576 3275 tilio
597 3233 656 3275 suo
676 3220 714 3275 ut
732 3233 752 3273 a
772 3213 969 3291 sponsalibus
989 3215 1067 3274 resi-

133 3307 213 3370 liret.
235 3309 332 3370 Filius
350 3309 495 3370 fraudem
514 3311 675 3389 ignorans,
700 3327 737 3367 ex
759 3308 825 3368 solo
846 3313 992 3386 respectu
1013 3328 1066 3390 pa·

136 3407 214 3466 renti
227 3405 346 3483 debito,
363 3407 428 3466 sine
444 3406 508 3466 ulla
521 3405 684 3465 aversione
701 3421 777 3498 erga
795 3422 943 3482 sponsam
962 3423 1064 3480 suam,

136 3501 259 3564 volebat
273 3521 292 3564 a
307 3501 382 3563 data
394 3502 456 3564 fide
471 3501 591 3564 resilire
606 3500 690 3563 etad
706 3500 768 3562 alia
781 3506 856 3562 vota
865 3502 1009 3562 transire.
