2564 4030
170 303 228 368 til
381 313 611 365 rusurrnmouas
631 317 714 364 rums
736 317 892 366 rarorum.

170 467 244 527 lieet
258 462 436 539 sabbatum,
453 480 507 522 scu
523 460 608 523 feriae
623 462 767 540 sequenti
785 461 976 541 respondeat
998 463 1104 526 littera

171 578 241 642 quae
260 558 346 636 prius
366 557 577 637 respondebat
594 556 680 618 leriae
700 557 908 618 antecedenti.
934 559 1105 638 Propterea

169 657 274 718 lIttera
295 657 330 731 G,
347 673 410 716 non
435 654 613 732 designabit
631 652 765 732 amplius
784 653 952 714 sabbatum
972 654 1027 715 sed
1047 655 1105 716 do-

170 751 330 827 minicam,
341 769 397 810 seu
407 751 512 811 littera
525 750 720 810 dominicalis
735 749 908 810 mutabitur
920 750 953 809 in
966 748 1104 812 litteram

82 917 86 926 Ι
169 845 350 908 immediate
364 846 605 908 antecedentem
614 864 651 907 ac
664 846 691 906 si
701 863 909 906 novusannus
919 844 1104 924 inooepissct

169 960 189 1002 a
203 926 342 1001 secunda
355 943 444 1017 parte
458 940 638 1001 bis-sextilis
653 941 738 1000 anui.
755 940 831 1000 Inde
846 940 881 1000 fit
895 939 981 1019 quod
1001 957 1104 1002 annus

170 1036 221 1096 ille
245 1034 374 1096 habebit
405 1034 483 1095 duas
509 1035 629 1096 litteras
657 1035 861 1097 dominicales
893 1037 920 1098 A
951 1039 986 1098 G.
1012 1037 1104 1098 Unde

171 1147 271 1191 annus
285 1147 420 1209 sequens
435 1149 497 1190 non
512 1130 627 1210 poterit
641 1131 758 1192 habere
773 1131 911 1192 litteram
928 1132 1105 1192 domiuica-

170 1226 233 1287 lem
248 1226 283 1287 G.
301 1243 395 1304 quam
409 1226 572 1288 habuisset
585 1227 610 1287 si
628 1245 729 1288 annus
744 1229 826 1289 1860
839 1227 949 1288 fnisset
963 1246 1106 1288 eommu-

171 1323 218 1383 nis
234 1323 284 1402 (ea
305 1324 389 1383 enim
409 1329 571 1403 assumpta
592 1326 639 1384 est
662 1322 702 1384 ab
726 1341 809 1385 anno
832 1323 1021 1403 bis-sextili),
1046 1324 1104 1384 sed

171 1419 301 1481 habebit
313 1419 450 1480 litteram
469 1419 688 1480 dominicalem
709 1420 890 1482 immediate
914 1419 1105 1481 anteceden-

171 1516 509 1594 tdeMmm.

211 1612 319 1674 XXIII.
337 1614 406 1672 Non
419 1616 525 1674 tamen
541 1612 716 1690 putandum
731 1603 877 1692 estquod
896 1611 974 1674 ordo
995 1629 1106 1674 succe-

171 1706 311 1769 dentium
331 1708 523 1786 litterarum,
548 1712 580 1771 et
600 1708 713 1770 eodem
734 1708 844 1770 ordine
859 1708 1057 1771 redeuntium
1070 1717 1105 1771 et

171 1803 412 1865 coincidentium
424 1804 536 1864 iisdem
551 1803 635 1866 leriis
649 1809 721 1885 post
730 1804 858 1885 aliquod
868 1806 1029 1884 temporis,
1046 1824 1103 1868 seu

169 1917 323 1961 annorum
352 1900 488 1980 spatium
515 1901 705 1981 impediatur
734 1901 872 1962 omnino.
904 1902 1102 1964 Perturbatio

170 1995 254 2056 enim
281 1993 398 2054 ordinis
426 2013 496 2074 quae
530 1994 666 2056 occurrit
688 1995 779 2056 anuis
800 1995 1027 2057 bis-sextilibus
1054 1999 1104 2056 est

170 2085 317 2165 quaedam
331 2087 525 2165 perturbatio
541 2089 699 2164 constans,
722 2087 868 2148 accidens
882 2086 1012 2166 singulis
1027 2104 1104 2165 qua-

169 2188 242 2245 tuor
255 2184 356 2261 anuis,
374 2184 418 2244 ita
432 2187 466 2246 ut
480 2182 674 2263 perturbabo
697 2186 826 2244 causata
846 2200 866 2242 a
889 2182 1018 2262 siugulis
1037 2183 1103 2243 bis-

170 2281 264 2343 sextis
279 2280 467 2361 aequivaleat
480 2279 708 2360 perturbationi
724 2279 1103 2340 duorumannorumsuc-

169 2378 370 2439 cessivorum.
389 2378 476 2440 Siout
490 2394 565 2456 ergo
581 2382 712 2456 septena
725 2376 889 2436 uniformis
903 2379 934 2438 ct
944 2373 1103 2437 ordInaria

169 2473 363 2552 perturbatio
380 2477 411 2534 et
423 2474 610 2552 interruptio
627 2492 697 2552 quae
717 2476 864 2534 causatur
877 2471 978 2535 ordini
993 2490 1102 2533 suece-

169 2568 312 2628 dentinm
324 2569 500 2630 litterarum
515 2569 711 2631 successione
722 2573 844 2647 septem
854 2586 1008 2630 annorum
1018 2585 1102 2630 com·

169 2663 313 2724 munium
327 2664 449 2725 reducIt
463 2665 606 2725 ordinem
619 2666 651 2725 in
666 2666 843 2745 pristinum,
867 2666 912 2727 ita
926 2669 958 2727 et
971 2669 1103 2745 septena

170 2760 418 2825 extraordinaria
433 2760 572 2840 quidem,
589 2762 644 2822 sed
663 2763 826 2824 uniformis
846 2762 1049 2841 perturbatIo,
1069 2767 1102 2824 et

168 2857 355 2936 interruptio
371 2874 441 2936 quae
455 2861 603 2919 causatur
617 2860 707 2919 annis
720 2859 955 2937 bis-sextilium,
978 2862 1099 2939 septem

168 2953 393 3015 bis-sextorum
407 2953 509 3016 reditu
524 2958 757 3034 compensatur.

208 3049 361 3112 Videlicet
379 3051 460 3112 sieut
478 3054 598 3131 septem
621 3053 695 3113 anui
717 3069 899 3115 communes
926 3053 1102 3116 successive

167 3148 385 3221 percurrentes
413 3146 552 3226 siugulas
588 3152 711 3225 septem
748 3148 868 3209 litteras
897 3149 1102 3212 dominicales

167 3237 276 3298 ordina
291 3238 415 3300 inverso
429 3240 632 3302 exhaurirent
646 3242 859 3320 septenarium
878 3241 1046 3322 integrum,
1070 3249 1103 3304 et

167 3331 306 3396 facerent
321 3338 355 3396 ut
368 3339 498 3398 octavus
514 3354 615 3398 annus
629 3338 733 3399 redire
753 3337 884 3401 deberet
904 3339 1031 3401 adeam
1052 3338 1101 3400 lit·

167 3428 269 3485 teram
284 3427 504 3490 dominicalem
517 3430 602 3492 unde
616 3432 737 3510 primus
757 3433 845 3494 duxit
865 3433 1041 3509 exordium,
1056 3434 1103 3495 ita

168 3523 199 3580 et
212 3520 285 3581 anni
299 3522 478 3588 bis-sextilis
499 3527 704 3591 absorbentes
718 3529 832 3608 singuli
854 3547 948 3590 unam
962 3529 1102 3591 litteram
