2548 4020
407 301 445 346 nu
466 301 593 348 caruero
613 303 695 349 aulus
717 304 871 350 canorum.
1045 297 1103 358 tib

160 436 162 441 ’
213 445 366 506 Caeterum
382 445 519 506 Ecclesia
532 447 592 506 hoc
606 447 728 526 peragit
746 454 896 527 ‘tanquam
906 451 1005 530 judex
1027 453 1102 533 legi·

174 541 260 618 tima,
276 541 308 602 id
324 541 506 603 deducendo
521 549 587 604 tum
602 561 639 603 ex
655 543 731 606 actis
747 544 816 607 vitae
832 551 864 608 et
878 549 1019 628 martyrii
1042 552 1103 611 sin·

173 638 330 717 gulorum,
346 642 413 723 tum
429 656 466 698 ex
481 640 577 718 signis
592 641 624 701 et
637 642 786 722 prodigiis
800 642 913 721 quibus
928 646 1011 706 Deus
1024 647 1103 710 solet

173 752 333 797 servorum
347 753 474 796 suorum
489 737 684 799 sanctitatem
700 739 818 800 testari.
1080 743 1083 747 '

211 832 333 911 Duplici
348 839 450 894 autem
466 831 559 893 modo
574 834 728 895 sententia
742 853 798 915 pro
819 835 944 914 publico
960 836 1046 899 cultu
1071 838 1101 898 iu

172 929 231 988 boc
250 928 362 1006 judicii
381 945 497 1010 genere
519 929 650 1008 proferri
674 932 752 994 solet
774 932 813 994 ab
838 932 987 995 Ecclesia.
1014 935 1103 998 Unde

172 1024 365 1087 canonizatio
390 1024 590 1104 distinguitur
604 1026 635 1087 iu
659 1028 919 1109 sanctificationem
934 1037 964 1092 et
989 1030 1103 1112 beatifi-

172 1121 323 1184 cotioocm.

212 1219 403 1282 Beatiticatio
431 1219 533 1299 potius
561 1222 679 1283 cultum
707 1223 868 1301 publicum
895 1224 1045 1302 permittit
1073 1233 1104 1288 et

170 1315 333 1395 indulget3
351 1316 542 1378 canonizatio
557 1317 708 1396 precipit.

211 1411 318 1474 Cultus
332 1402 384 1490 qui
399 1413 587 1491 permittitur
608 1412 851 1489 beatificatione,
877 1421 911 1476 ut
934 1416 1103 1495 plurimum

170 1506 202 1566 in
217 1525 282 1566 una
296 1507 466 1584 provincia,
479 1507 612 1586 civitate,
625 1507 771 1588 religiosa
781 1507 898 1571 familia
909 1514 1085 1574 coarctatur
1093 1533 1101 1588 ;

170 1603 202 1662 in
217 1602 451 1664 canonizatione
467 1603 642 1673 extenditur
653 1603 697 1677 ad
716 1605 897 1668 universam
918 1608 1101 1672 Ecclesiam.

209 1698 227 1758 J
230 1696 368 1757 odicium
382 1697 413 1755 in
429 1697 664 1761 canonizatione
678 1699 816 1760 continet
832 1701 973 1763 ultimam
983 1704 1015 1763 et
1029 1701 1105 1762 fina-

170 1794 233 1855 lem
248 1794 434 1854 sententiam
449 1793 487 1855 de
503 1795 583 1857 servi
598 1796 653 1856 Dei
669 1796 832 1859 sanctitate
848 1819 855 1858 ε
878 1815 943 1858 non
965 1798 1008 1860 ita
1029 1816 1104 1860 vero

169 1891 201 1950 in
217 1889 457 1953 beatificatione.

210 1985 402 2049 Beatificatio
416 1989 519 2068 prouti
534 2006 597 2049 non
616 1987 761 2050 ultimum
776 1989 807 2050 et
828 1988 919 2050 finale
938 1990 1102 2068 judicium,
1210 2014 1213 2024 ·

170 2097 229 2142 nec
244 2098 300 2159 pro
316 2081 460 2142 universa
475 2081 613 2143 Ecclesia
632 2098 731 2160 usque
753 2080 794 2141 ad
818 2081 968 2143 saeculum
992 2099 1033 2160 tu,
1058 2085 1101 2146 uti

170 2177 304 2253 videtur,
321 2175 468 2254 pertinuit
484 2178 577 2238 etiam
591 2174 754 2257 episcopis,
781 2177 834 2256 qui
855 2177 905 2237 vel
923 2195 979 2256 per
996 2196 1030 2240 so
1053 2181 1102 2240 vel

170 2276 202 2336 in
241 2274 379 2337 conciliis
409 2276 536 2335 adunati
571 2293 641 2336 cum
665 2289 796 2334 assensu
819 2273 910 2351 cleri,
943 2282 974 2336 et
997 2276 1103 2353 populi

169 2367 312 2447 publicos
330 2368 542 2429 hos'honores
560 2365 780 2429 decernebant.
796 2365 915 2428 Deinde
934 2367 975 2426 ad
994 2383 1104 2428 occur-

169 2463 304 2525 rendum
319 2464 469 2526 abusibus
484 2470 531 2547 est
545 2464 692 2525 Romanae
708 2462 791 2523 sedis
803 2460 920 2540 judicio
931 2470 1100 2526 reservata.

211 2558 420 2622 Sanctificatio
443 2579 507 2620 non
530 2560 629 2640 potuit
651 2564 831 2644 competere
859 2558 917 2619 uisi
946 2577 1101 2640 supremae

171 2655 346 2718 auctoritati
361 2655 518 2734 Ecclesiae.

211 2754 286 2814 Haec
298 2751 372 2812 satis
386 2751 468 2813 dicta
484 2750 544 2812 sint
558 2751 597 2814 de
618 2751 703 2813 cuttu
718 2752 887 2814 christiano
903 2753 1102 2815 considerato

169 2850 203 2910 in
218 2849 283 2910 suis
297 2848 389 2909 variis
403 2846 562 2930 gradibus,
579 2850 753 2912 secundum
769 2850 926 2930 objectum
947 2851 1101 2913 invisibila

171 2945 221 3005 cui
243 2944 425 3006 relationem
451 2944 535 3020 dicit,
559 2946 644 3025 quod
665 2945 821 3023 objectum
842 2945 995 3007 invisibile
1017 2946 1103 3007 velut

171 3034 308 3102 animam
336 3043 368 3102 et
399 3040 541 3119 spiritum
572 3041 668 3103 donat
703 3042 799 3102 cultui
831 3041 1010 3102 christiano.
1039 3041 1102 3103 Sed

171 3136 289 3198 habent
321 3135 480 3198 christiani
513 3137 636 3214 obiecta
666 3137 800 3199 visibilia
834 3153 902 3215 quae
936 3135 1042 3198 colunt
1069 3136 1102 3197 in

172 3232 280 3293 ordine
295 3250 419 3312 semper
431 3233 471 3294 ad
487 3233 644 3311 objectum
658 3231 821 3309 invisibile,
839 3230 888 3292 cui
898 3231 1006 3292 dicunt
1019 3231 1101 3292 rela-

171 3328 289 3390 tionem
305 3335 335 3390 et
348 3347 405 3410 pro
429 3329 588 3391 relationis
609 3327 791 3408 quantitate.
815 3328 895 3390 Sunt
916 3334 1021 3390 autem
1042 3327 1096 3389 SS.

171 3425 372 3490 Eucharistiae
388 3431 629 3505 sacramentum,
645 3425 784 3504 reliquiae
800 3431 830 3488 et
844 3427 874 3488 S.
893 3425 1057 3507 imagines.
