2548 4020
400 268 439 312 nn
461 267 589 314 ossaera
609 269 693 314 rums
715 269 872 315 assamur.
1043 259 1100 319 267

167 415 268 486 heret,
283 411 323 472 ad
337 409 504 472 invisibilia
519 415 551 472 et
570 415 688 473 aeterua
708 414 916 493 cogitationes
939 415 1102 476 hominum

170 511 342 584 revocaret,
359 513 390 568 et
404 509 446 570 ita
460 508 653 586 kalendaria,
670 509 899 589 ephemerides,
913 511 1011 572 diaria
1026 513 1103 574 eivi-

169 603 251 666 libus
279 603 387 664 usibus
414 604 567 665 destinata
596 606 711 665 sensim
745 605 812 666 sine
841 622 933 666 sensu
963 624 1102 684 paganas

170 701 349 763 amitterent
364 702 465 776 notas,
481 699 656 762 christianis
670 701 830 762 memoriis
849 703 881 763 et
901 701 1102 780 significatio-

171 795 263 856 nibus
276 795 443 871 scaterent,
459 811 530 872 que
544 795 691 855 continuo
706 794 778 856 fidei
801 802 916 857 nostrae
939 796 1099 874 mysteria,

173 891 304 951 heroum
318 893 496 952 nostrorum
510 888 601 965 festa,
618 897 648 951 et
662 881 839 951 universam
859 891 1103 952 ecclesiasticam

172 986 333 1049 historiam
361 986 548 1063 edocerent,
590 987 689 1048 danea
714 1004 770 1065 pro
797 987 908 1048 morali
942 987 1104 1049 influentia

172 1100 267 1163 quam
281 1083 419 1144 exercuit
431 1081 465 1144 iu
478 1082 676 1144 habitudines
691 1087 724 1144 ei
744 1082 989 1144 eonsuetudines
1003 1100 1104 1162 popu*

171 1175 274 1234 lorum
287 1171 328 1232 ad
341 1172 373 1232 id
387 1171 564 1251 pervenerit
577 1177 610 1232 ut
626 1171 716 1233 unice
731 1177 762 1234 et
780 1172 934 1234 exclusive
950 1174 1048 1250 potita
1064 1171 1105 1234 sit

172 1268 320 1330 methodo
334 1267 535 1346 computandi
551 1274 704 1348 tempora,
722 1274 754 1328 et
767 1269 950 1329 kalendaria
965 1274 996 1330 ct
1010 1269 1105 1346 ephe·

173 1365 308 1427 merides
322 1370 354 1426 et
367 1362 466 1426 diaria
485 1363 625 1425 omnium
645 1363 798 1426 cultorum
818 1364 1006 1444 papularum
1023 1365 1105 1426 facta

173 1459 425 1524 sintchrietiena.

213 1555 1104 1639 Dehoomagnaapere,videlieetkalendariachristiano,

175 1671 236 1733 quo
250 1654 390 1716 Ecclesia
404 1654 595 1716 coordinavit
608 1661 749 1734 tempora
764 1653 804 1716 ad
828 1653 1012 1716 exercitium
1033 1653 1103 1714 vita

174 1749 354 1830 spiritualis,
370 1749 411 1812 ad
424 1750 542 1812 cultum
555 1748 707 1826 divinum,
724 1748 765 1809 ad
778 1747 874 1810 finem
885 1751 1107 1826 supernatura-

174 1847 249 1921 lem,
265 1850 297 1910 et
311 1846 483 1908 secuudum
497 1846 579 1907 hano
593 1843 862 1907 coordinationem
884 1842 997 1904 direxit
1016 1841 1105 1904 habi-

174 1933 1105 2013 tudiuesetconsuetudinesomniumoultorumpopulorum,

174 2051 236 2095 non
250 2040 372 2100 tautum
387 2035 419 2095 in
434 2031 651 2096 ecclesiasticis
665 2037 696 2091 et
712 2028 923 2108 spiritualibus
938 2025 1104 2104 exercitiis,

175 2131 344 2195 sedetiam
367 2131 398 2190 in
421 2129 572 2205 civilibus,
594 2157 633 2174 -
663 2125 821 2206 paulisper
840 2124 1016 2202 loquemur.
1043 2125 1108 2184 Hoc

176 2227 395 2305 praestabimus
409 2225 539 2288 seorsim
556 2221 761 2303 expendendo
780 2239 786 2282 :

216 2328 246 2384 l⁰
260 2324 368 2385 AErem
382 2322 584 2384 christianam
599 2337 656 2382 seu
677 2317 800 2380 initium
816 2315 899 2378 uude
919 2313 1057 2376 Ecclesia
1077 2313 1109 2374 in

177 2418 366 2481 kalendariis
379 2433 479 2479 annos
493 2418 663 2494 computat.

215 2518 246 2576 2⁰
261 2514 333 2576 Dies
347 2511 442 2574 festos
457 2508 631 2570 ordinarios
647 2514 678 2570 et
692 2505 869 2587 periodicas
883 2506 965 2568 intre
976 2521 1105 2582 annum,

177 2609 230 2686 qui
254 2607 444 2672 distribuunt
470 2604 538 2666 dies
557 2602 753 2683 singulorum
776 2618 930 2662 annorum
954 2604 986 2662 et
1013 2598 1107 2664 veluti

178 2710 332 2768 texturam
365 2703 545 2786 generalem
577 2700 741 2763 efformari
774 2698 948 2762 kalendarii
979 2697 1109 2778 singulis

178 2818 279 2862 annis.

216 2900 249 2960 3⁰
265 2897 337 2958 Dies
349 2895 445 2958 festos
458 2911 521 2956 nan
541 2894 714 2974 periodicas
734 2893 814 2955 intra
836 2905 965 2965 anunm,
990 2887 1047 2948 sed
1069 2887 1108 2946 de

178 3012 261 3056 auno
275 2993 307 3054 in
322 3009 454 3067 annum,
470 2993 522 3071 qui
542 2990 628 3053 iestis
651 2989 763 3051 diebus
786 2984 950 3048 ordinariis
972 2981 1110 3061 perbelle

178 3095 406 3156 connectuntur
420 3097 450 3154 et
463 3092 524 3152 illis
537 3088 694 3168 conjuncti
709 3086 805 3149 veluti
820 3085 914 3147 telam
928 3082 1110 3162 generalem

180 3185 372 3250 constituunt
386 3184 559 3247 kalendarii
573 3180 743 3244 christiani.
