2504 4024
173 245 229 304 131
377 255 605 302 rnsruorronas
625 255 708 302 rums
730 251 884 307 1111111111.
932 291 934 296 ,

172 401 235 462 mia
257 402 287 460 11
306 398 578 460 indissolubilitate
606 397 797 459 matrimonii
820 397 911 459 facile
934 401 1106 459 converte-

172 496 274 557 batur.
293 497 372 554 Nam
386 512 443 571 per
455 494 622 571 repudium
642 491 757 553 licebat
770 493 837 554 sive
851 493 928 569 viro,
945 493 1010 552 sive
1031 512 1106 554 mu-

170 588 250 664 lieri,
266 588 331 649 sive
347 587 525 664 dimittenti,
543 589 608 648 sive
623 587 770 665 dimissae,
788 588 854 650 sine
870 584 983 649 delicto
1004 587 1104 668 legali

173 684 318 745 adulterii
331 684 371 744 ad
386 700 483 744 novas
498 683 624 762 nuptias
639 682 817 744 convolare.
1012 680 1014 685 ’

212 781 295 860 Ergo
310 779 462 856 optimum
480 777 569 840 duxit
581 779 754 856 pharisaeos
774 795 924 838 revocare
939 777 980 838 ad
993 777 1105 856 primi-

172 874 269 935 tivam
289 872 516 933 institutionem
536 871 741 947 matrimonii,
757 875 908 950 tauquam
929 870 970 931 ad
989 870 1106 932 funda-

173 971 313 1029 mentum
327 966 488 1028 solutionis
501 966 596 1028 totius
611 967 845 1028 controversiae.

213 1061 281 1122 lton
295 1059 414 1140 lepistis,
432 1059 544 1138 inquit,
561 1059 630 1138 quia
650 1060 703 1140 qai
714 1059 784 1139 feeit
796 1058 938 1120 hominem
953 1058 991 1119 cb
1004 1058 1104 1136 initio,

173 1155 332 1216 masculum
348 1163 376 1216 et
388 1153 526 1233 feminam
545 1153 616 1233 fecit
633 1173 677 1216 eos
691 1160 719 1215 et
730 1154 830 1216 dicit:
845 1153 972 1234 Propter
989 1151 1106 1214 11111·-

174 1249 266 1308 mittet
278 1245 362 1307 tomo
381 1245 494 1326 patrem
508 1254 536 1307 et
549 1254 681 1323 metreta,
698 1254 727 1307 et
739 1245 899 1307 adtoeretit
919 1246 1008 1306 acori
1026 1264 1102 1323 auoe,

173 1353 201 1406 et
213 1351 298 1404 enat
310 1341 368 1402 (loo
382 1341 595 1402 1111111111.
612 1341 714 1420 Itaque
725 1341 791 1422 jem
809 1360 866 1402 coo
886 1349 954 1401 suot
968 1339 1035 1416 duo,
1051 1341 1107 1401 sed

174 1459 232 1499 aaa
246 1456 323 1499 caro.
341 1435 423 1511 Quod
434 1456 502 1516 erpo
516 1437 594 1498 Deus
614 1437 781 1515 conjecerit,
798 1437 882 1496 tomo
898 1455 956 1498 aco
975 1445 1102 1516 separet.

174 1534 346 1596 Videlicet:
364 1531 448 1593 scitia
463 1551 482 1592 a
495 1533 598 1610 prima
612 1531 713 1593 fronte
726 1531 879 1594 librorum
893 1549 1065 1608 sacrorum,
1084 1551 1107 1592 a

173 1628 282 1707 primis
304 1627 457 1706 capitibus
481 1629 648 1704 Geneseoe,
671 1627 905 1689 matrimonium
923 1645 986 1688 non
1006 1626 1105 1688 fuisse

166 1719 355 1783 'societatem
369 1721 409 1780 ad
425 1719 587 1780 hominum
608 1720 742 1782 lubitum
764 1721 975 1796 constitutam,
994 1724 1024 1782 et
1045 1709 1126 1798 pro¹

175 1833 284 1875 eorum
298 1815 398 1874 lubitu
413 1813 611 1888 solvendam3
629 1814 685 1874 sed
695 1813 780 1875 scitia
791 1815 885 1875 fuisse
896 1814 1012 1892 abipso
1023 1816 1102 1889 Deo,

175 1914 295 1971 naturae
318 1912 456 1984 auctore,
473 1907 653 1969 immediate
676 1913 707 1969 11
725 1910 757 1968 iu
773 1916 918 1970 concreto
932 1912 1103 1986 statutam,

175 2010 207 2067 et
220 2005 274 2066 teli
293 2006 362 2084 lege
382 2008 414 2066 11
432 2008 514 2066 11111
532 2023 768 2084 monogamum,
784 2005 992 2083 reciprocum,
1007 2005 1106 2066 indis-

176 2100 318 2162 solubile.

214 2194 286 2254 Jam
306 2211 380 2256 vero
400 2212 470 2274 quae
482 2193 553 2274 jure
569 2193 675 2255 divino
695 2193 877 2256 firmitatem
895 2194 1023 2271 babent,
1040 2212 1104 2256 non

175 2289 464 2363 possuuthumanis
485 2287 608 2365 placitis
628 2287 792 2349 infirmari.
809 2289 892 2367 Ergo
907 2288 993 2349 nulla
1007 2305 1106 2349 causa

175 2385 278 2459 potest
298 2383 504 2444 cohonestare
527 2382 697 2444 divortium
716 2382 793 2444 illud
809 2384 847 2444 de
863 2401 924 2463 quo
939 2401 988 2443 me
1007 2384 1107 2444 inter-

176 2477 304 2554 rogatis,
322 2477 407 2556 quod
420 2478 567 2539 videlicet
580 2479 625 2539 ita
639 2477 820 2539 societatem
840 2477 1107 2538 matrimonialem

176 2569 345 2650 abrumpat
354 2573 515 2634 utscilicet
528 2573 649 2635 licitum
662 2574 703 2635 sit
717 2575 840 2654 utrique
854 2575 937 2652 parti
951 2573 992 2634 ad
1006 2592 1106 2635 novas

102 2681 105 2686 ·
177 2662 301 2741 nuptias
322 2664 481 2727 advolare.
498 2668 545 2727 lta
558 2667 699 2728 Christus
720 2668 832 2729 evertit
850 2684 1016 2728 erroneum
1029 2686 1107 2746 sup-

176 2757 312 2835 positum
333 2759 513 2839 quaestionis
536 2763 718 2840 propositae,
740 2766 772 2822 et
792 2763 956 2824 occasione
979 2767 1106 2840 sumpta

177 2851 356 2928 quaestionia
380 2851 587 2930 disciplinaris
616 2872 685 2933 quac
713 2854 964 2933 proponebatur,
990 2854 1108 2916 evolvit

177 2947 388 3028 dogmaticam
415 2949 605 3012 matrimonii
633 2954 793 3028 naturam,
817 2955 849 3014 et
871 2953 1005 3013 securim
1029 2968 1107 3030 quo·

94 3090 97 3094 .
177 3044 345 3106 dammodo
360 3044 402 3105 ad
415 3044 553 3106 radicem
568 3045 681 3123 posuit,
696 3063 805 3125 exque
818 3046 1016 3124 profluebant
1030 3063 1106 3106 con-

176 3143 348 3220 troversia,
363 3161 419 3204 seu
439 3145 524 3222 quod
543 3143 735 3206 matrimonii
756 3144 915 3206 vinculum
933 3143 1012 3206 solvi
1030 3160 1106 3222 pos-

177 3243 234 3296 set.

216 3333 284 3391 Non
299 3335 521 3411 exspectabant
535 3333 618 3396 certe
633 3335 782 3398 Pbarisaei
792 3353 825 3396 ae
835 3335 879 3397 ita
888 3335 955 3396 fore
966 3335 1105 3406 delusos,

178 3442 249 3484 eum
270 3425 420 3489 viderent.
435 3431 695 3506 controversiam,
712 3449 751 3492 ex
771 3432 839 3508 ipso
859 3449 916 3493 suo
941 3431 1106 3508 supposito
