2548 4020
150 278 209 336 tlt
357 284 690 332 1nsr1rurronusrun1s
711 284 866 332 cononici.

189 437 268 496 Tum
282 429 538 511 distinguendum
551 431 656 490 utrum
666 429 735 490 haee
745 429 874 510 jooandi
884 431 1029 494 voluntas
1039 435 1080 496 ab

149 528 216 608 ipso
239 525 321 589 tacto
344 530 473 586 externo
493 522 749 601 deprehendatur
767 541 805 583 ex
823 523 892 586 aliis
911 525 1079 606 adjunotis‚

149 643 189 684 en
204 641 279 684 vero
294 622 373 683 nihil
386 621 472 682 eliud
487 620 572 681 sitin
587 620 669 682 santo
680 626 808 683 externo
820 622 997 702 oppositum
1008 643 1082 688 eon·

148 721 254 782 sensui
267 723 383 799 praeter
397 718 514 778 dietam
528 715 751 779 oonditionem.
773 789 775 793 ι

187 816 223 877 In
237 813 339 894 primo
354 830 428 872 essu
444 811 679 873 matrimonium
699 827 762 872 non
781 813 879 888 tenet,
901 813 975 892 quia
993 814 1083 876 deest

149 912 230 974 seria
243 909 453 971 manifestatio
475 925 657 985 consensus,
678 906 718 968 ab
740 907 865 970 interne
886 911 981 971 enimi
1004 911 1084 974 deli-

147 1007 310 1070 beratione
325 1003 477 1083 prolaeta,
494 1005 529 1064 ut
540 1003 574 1063 in
589 1007 620 1064 2⁰
636 1003 786 1082 requisito
802 1008 940 1067 notatur.
958 1007 990 1067 Si
1005 1025 1081 1069 vero

148 1108 179 1168 in
194 1107 276 1166 tacto
292 1107 421 1166 externo
436 1101 513 1162 nihil
534 1102 620 1163 aliud
639 1102 897 1180 deprehendatur
915 1109 1080 1168 consensui

148 1200 337 1282 oppositum,
355 1199 413 1260 nisi
428 1198 496 1260 haee
511 1197 660 1274 conditio,
676 1198 824 1260 standum
838 1203 886 1262 est
903 1219 960 1284 pro
974 1203 1083 1264 matri·

147 1298 264 1375 monio,
280 1297 331 1358 vel
345 1296 377 1356 in
392 1294 459 1357 toro
476 1300 617 1372 externo,
633 1295 684 1356 vel
704 1295 800 1356 etiam
817 1296 850 1357 in
870 1297 937 1360 toro
956 1297 1087 1360 interno

148 1394 253 1475 prouti
266 1411 362 1474 supra
376 1391 408 1454 in
422 1395 455 1454 h>
467 1391 618 1472 requisito
634 1408 690 1470 pro
705 1391 800 1452 variis
810 1394 971 1456 sententiis
981 1395 1083 1456 adno-

147 1493 285 1555 tabetur.
510 1547 513 1552 .

188 1590 292 1662 Quaeri
304 1590 434 1665 insuper
447 1587 554 1664 posset
566 1587 672 1648 utrum
686 1585 754 1648 haee
775 1586 898 1650 theoria
912 1605 1008 1668 quam
1027 1588 1082 1650 de·

148 1687 250 1748 dimus
265 1684 304 1746 de
320 1680 551 1744 conditionibus
565 1681 811 1760 impossibilibus
825 1683 964 1764 propriis,
976 1685 1082 1747 looum

148 1781 264 1842 hebeat
278 1777 372 1841 etiam
393 1779 427 1838 in
450 1777 682 1840 conditionibus
702 1779 947 1858 impossibilibus
969 1780 1083 1859 impro-

146 1877 244 1958 priis?
258 1875 444 1956 Respondeo
461 1875 591 1948 nullam,
608 1874 667 1936 hee
680 1875 714 1936 in
728 1895 773 1953 re,
791 1893 961 1956 esseposse
971 1894 1083 1957 exeep-

147 1975 266 2035 tionem
290 1972 394 2053 quoed
418 1971 612 2035 conditiones
632 1971 841 2052 impossibiles
862 1974 972 2035 eontra
992 1973 1084 2035 subs-

147 2069 281 2130 tantiam
303 2067 506 2144 matrimonii,
530 2085 600 2148 quae
621 2068 802 2130 referuntur
822 2068 863 2131 ud
885 2072 1082 2132 contractum

149 2164 399 2228 contrahendum
414 2168 445 2226 et
459 2182 584 2246 semper
598 2171 672 2226 sunt
684 2165 832 2244 propriae.

189 2262 278 2334 Quod
293 2279 368 2323 vero
382 2261 519 2341 pertinet
533 2260 573 2321 ad
594 2260 733 2340 reliquas
752 2261 946 2323 conditiones
965 2261 1084 2342 impos·

149 2357 265 2433 sibiles,
282 2358 400 2419 nullam
415 2357 508 2418 video
521 2355 589 2418 fieri
604 2356 837 2419 distinctionem
852 2357 884 2417 in
894 2357 977 2419 dieto
987 2359 1083 2439 capite

150 2453 251 2516 ultimo
264 2453 299 2515 de
312 2453 532 2516 conditionibus.

189 2555 267 2614 'lota
281 2553 377 2632 igitur
391 2554 522 2632 quaestio
537 2553 570 2614 in
584 2553 645 2614 hoe
659 2557 849 2632 versaretur,
865 2553 1022 2631 videlieet,
1040 2573 1081 2616 sn

149 2647 238 2725 sequi
266 2647 395 2709 deberet
422 2648 638 2726 interpretatio
665 2650 844 2727 restrictiva,
875 2649 1081 2730 intelligendo

150 2741 276 2803 nomine
309 2741 544 2819 conditionum,
578 2744 647 2805 illas
680 2762 750 2823 qua
786 2764 860 2806 vere
888 2749 961 2808 sunt
987 2746 1079 2824 tales,

149 2857 283 2920 quaeque
297 2857 348 2901 res
362 2839 559 2916 suspendunt
572 2842 725 2922 tanquam
746 2842 787 2904 ub
807 2843 925 2905 inoerto
947 2846 1078 2917 eventu;

150 2934 199 2995 vel
213 2934 380 3010 extensione,
392 2933 596 3012 intelligendo
612 2935 738 2996 nomine
754 2936 970 2998 conditionum
984 2937 1081 2998 etiam

149 3049 219 3110 quae
234 3029 403 3110 improprie
417 3030 496 3091 tales
511 3029 669 3109 dicuntur,
683 3050 817 3112 quaque
828 3051 891 3094 non
901 3033 1082 3097 referuntur

149 3127 190 3189 ad
205 3131 353 3190 eventum
366 3125 517 3189 loturum.
575 3166 578 3171 -
1071 3206 1074 3210 ,

188 3223 356 3286 videretur
377 3243 415 3286 ex
435 3242 499 3286 una
519 3227 608 3306 parte
631 3225 771 3287 obtinere
789 3226 1081 3306 interpretationem

149 3319 356 3382 restrictivam
373 3342 380 3382 :
398 3324 428 3382 1⁰
443 3323 488 3383 Ex
512 3324 658 3385 oontextu
680 3322 803 3402 capitio,
827 3323 882 3385 ubi
903 3323 1081 3403 allegentur

149 3413 250 3476 solum
264 3415 458 3478 eonditiones
472 3419 607 3497 propriae
624 3424 734 3482 eontra
747 3419 956 3483 substantiam
970 3417 1082 3478 matri-

149 3509 260 3584 monii;
276 3513 308 3570 2⁰
324 3511 488 3590 quiaillud
502 3521 607 3592 eaput,
625 3515 685 3578 hee
698 3515 730 3578 in
746 3519 846 3594 purte,
865 3533 933 3578 esse
953 3530 1080 3576 correo.-
