2548 4020
150 335 208 392 act
356 339 687 388 rnsrrrumounsuunrs
710 337 866 383 aaronica

372 515 384 564 s
399 511 433 556 11.
448 521 476 555 nr
492 518 695 554 sacracramenti
713 517 860 553 rrrrrsraarc.
914 562 916 567 Ι

190 638 270 700 XVI.
287 634 334 697 Ad
348 632 573 697 ecclesiasticas
594 632 798 694 caeremonias
812 633 972 713 pertinent
987 635 1081 696 etiam

151 733 434 796 administrationes
448 732 729 806 sacramentorum,
743 729 807 791 sive
817 729 941 791 illorum
956 733 1082 793 nominc

151 834 361 914 intelligamus
375 831 452 893 ritus
468 827 711 891 sacramentales
733 829 786 907 qui
808 828 946 890 dianam
968 829 1083 894 habent

152 929 375 991 institutionem
391 932 422 987 et
436 924 603 986 conferunt
620 925 754 1004 gratiam
772 942 811 985 ex
829 942 927 1004 opere
942 931 1081 1005 operato,

152 1025 216 1086 sive
244 1022 455 1101 intelligamus
482 1019 559 1082 ritus
587 1020 629 1081 ad
656 1019 779 1081 illorum
811 1020 1016 1082 imitationem
1044 1024 1084 1084 ab

152 1121 290 1183 Ecclesia
305 1119 461 1180 institutos
477 1117 517 1178 ad
532 1116 728 1184 excitandam
738 1117 843 1192 tidem,
853 1118 1083 1199 fovendamque

152 1213 457 1296 pietatemfidelium‚
471 1230 550 1292 quos
560 1213 713 1293 propriori
722 1231 816 1275 sensu
825 1231 936 1277 vocare
948 1215 1084 1277 solemus

152 1312 399 1377 sacramentalia.
430 1310 525 1370 Porro
555 1309 621 1370 istae
651 1327 759 1372 omncs
787 1310 983 1372 caeremoniae
1011 1316 1085 1375 sunt

64 1439 69 1448 ¹
152 1410 236 1472 enim
250 1405 437 1488 multiplices
452 1409 483 1468 ct
498 1403 602 1478 varia,
619 1423 689 1484 qua
704 1407 826 1470 ratione
839 1408 956 1469 rituum
970 1409 1085 1488 quibus

152 1506 371 1567 consociantur
385 1503 426 1565 ad
441 1504 632 1583 operandam
653 1503 792 1566 fidelium
807 1505 1084 1568 sanctificationem

154 1599 357 1673 ordinantem
375 1603 567 1662 tamencum
587 1606 700 1662 nostra
716 1599 969 1664 sanctificationis
990 1617 1084 1662 causa
1107 1655 1118 1668 .

152 1695 290 1756 efficiens
306 1695 345 1756 sit
366 1695 544 1756 misericors
563 1699 647 1756 Deus
668 1700 699 1756 ct
720 1695 829 1759 ultima
853 1695 950 1776 gloria
973 1695 1028 1756 Dei
1053 1701 1085 1757 et
1124 1743 1146 1763 ,.

152 1789 275 1864 Christi,
291 1790 364 1851 inde
380 1789 437 1850 sub
452 1790 512 1852 hoc
527 1791 586 1853 alio
601 1798 744 1870 respectu
759 1792 949 1856 constituunt
963 1796 1085 1869 partem

153 1887 356 1965 conspicuam
380 1887 640 1950 ceremoniarum
667 1906 738 1968 quaa
768 1891 809 1951 ad
830 1891 886 1952 Dei
909 1889 1028 1951 cultum
1053 1889 1085 1948 in

153 1982 295 2046 Ecclesia
305 1983 518 2062 porriguntur.
869 2037 873 2043 .

192 2078 231 2140 Ut
245 2077 424 2158 hujusmodi
447 2079 525 2140 ritus
540 2078 713 2142 secuudum
723 2080 868 2142 Ecclesia
878 2079 1082 2141 intentionem

152 2181 391 2255 peragerentur,
408 2177 506 2239 utitur
519 2176 658 2239 Ecclesia
672 2176 758 2238 libris
772 2177 935 2239 ritualibus
958 2184 989 2239 et
1010 2193 1085 2256 pcn-

152 2275 332 2350 tificalibus,
347 2294 410 2337 non
426 2293 517 2339 secus
532 2295 569 2338 ac
582 2275 669 2338 libris
687 2275 863 2337 missalibus
878 2276 992 2354 quibus
1007 2273 1083 2339 ordo

152 2373 307 2434 tenendus
322 2373 400 2435 iniis
414 2373 602 2454 peragendis
616 2372 808 2453 designatur.
818 2373 879 2435 Sed
889 2389 961 2434 cum
970 2372 1084 2432 horum

152 2470 370 2532 tractationem
394 2470 461 2548 jam
488 2469 811 2549 praeoccupaverimus
847 2470 1014 2548 loquentes
1043 2466 1083 2528 de

152 2563 246 2623 rebus
261 2564 472 2642 spiritualibus
487 2564 634 2627 ordinatis
648 2565 690 2626 ad
703 2564 984 2627 sanctificationem
1007 2579 1080 2623 nos·

152 2665 244 2733 bam,
260 2675 324 2719 non
338 2659 449 2722 attinet
461 2659 501 2720 de
515 2660 553 2721 iis
568 2660 627 2722 alia
642 2659 758 2722 dicere.

438 2852 450 2900 fl
466 2846 513 2892 111.
527 2859 555 2892 nr
570 2857 680 2894 rnrcrsus
695 2858 806 2894 rusnrcrs.

190 2975 283 3038 xvll.
299 2974 425 3037 catera
439 2973 586 3036 Ecclesia
601 2975 797 3037 ceremonia
807 2980 938 3054 possunt
947 2976 1007 3038 sub
1020 2964 1085 3038 uba

151 3070 289 3149 generali
304 3070 468 3134 intuitione
483 3070 723 3149 comprehendi;
749 3071 921 3134 consistunt
946 3071 1030 3134 enim
1051 3073 1084 3135 in

148 3162 280 3241 publicis
290 3165 434 3244 precibus
448 3171 479 3227 et
495 3162 786 3244 supplicationibus.
803 3169 858 3228 Hae
870 3166 1086 3230 consistebant

146 3258 178 3317 in
193 3260 333 3337 pluribus
347 3262 485 3340 psalmia,
502 3262 628 3341 hymnis
643 3267 673 3323 et
692 3262 895 3339 orationibus,
919 3281 997 3344 quas
1017 3263 1082 3325 cle·

146 3352 200 3413 rici
217 3361 246 3416 ct
260 3355 329 3417 laici
345 3376 407 3418 una
425 3358 646 3422 convenientes
665 3360 818 3422 matutino
837 3363 980 3439 tempore
1006 3366 1080 3420 ante

146 3448 219 3516 solis
233 3453 347 3525 ortum,
363 3459 394 3514 ct
416 3453 592 3534 vespertino
616 3455 657 3516 ad
679 3455 753 3516 solis
776 3471 924 3518 occasum
947 3455 1076 3518 alternis

145 3545 309 3622 canebant,
325 3564 395 3625 quae
410 3549 561 3629 originem
586 3552 739 3615 dederuut
762 3552 805 3614 illi
828 3550 977 3614 orationis
1001 3569 1073 3632 spe-
