2548 4020
395 314 433 360 nn
455 314 581 362 onsncro
601 314 683 363 sums
706 315 862 364 cancrum.
1034 307 1092 368 219

160 457 238 520 tiam
252 457 302 520 vel
316 475 379 518 non
395 457 591 519 existentiam
602 458 634 519 in
643 465 772 539 pactum
783 461 979 541 deduxerint,
992 469 1023 524 et
1033 466 1091 526 suh

160 555 215 615 illa
229 553 408 616 conditione
421 553 617 632 alligaverint
631 573 723 615 suum
745 573 942 618 consensum.
966 561 1033 631 Qua
1051 561 1091 620 de

160 669 207 728 ra,
224 649 297 711 vide
312 667 382 729 quae
396 667 493 727 supra
507 648 642 711 diximus
657 651 696 712 de
711 651 954 714 conditionibus.

200 749 314 808 Utrum
328 748 434 807 autem
447 745 507 806 hoc
521 745 589 806 fieri
611 747 726 808 debeat
746 767 893 829 expresse
914 751 964 811 tel
984 751 1088 830 tacita,

159 844 211 906 vel
225 843 359 920 interne,
376 842 426 904 vel
440 845 568 904 externe
584 842 690 921 etiam,
705 850 760 905 aut
774 845 889 907 debeat
910 865 948 906 ex
968 846 1092 908 indiciis

160 943 295 1006 externis
310 941 505 1022 deprehendi
519 945 593 1019 eta,
609 943 759 1022 pendete
774 945 945 1023 quastione
956 946 988 1008 in
998 950 1031 1007 2⁰
1041 965 1091 1006 re-

160 1041 274 1122 quisito
288 1039 436 1100 indicata.

266 1217 293 1260 B.
308 1217 339 1260 lle
351 1215 436 1260 delectu
447 1214 555 1260 libertatis
566 1227 603 1258 sen
616 1215 642 1258 de
653 1214 811 1270 impedimentis
822 1217 854 1259 tis
865 1221 888 1260 et
899 1223 981 1274 raptus.

199 1331 262 1390 XL.
279 1331 310 1388 l⁰
330 1327 388 1388 Vis.
405 1326 517 1388 Inutile
532 1325 671 1404 proiecto
692 1332 776 1387 esset
788 1328 964 1406 expendere
979 1349 1020 1390 an
1034 1349 1090 1392 va-

157 1425 260 1485 lerent
284 1421 485 1484 matrimonia
514 1421 573 1508 suh
603 1421 755 1482 absolutae
784 1423 941 1485 violentiae
969 1422 1087 1484 influxu

159 1528 283 1596 coacta,
307 1537 363 1580 seu
385 1517 547 1579 coactione
565 1517 714 1597 physica,
737 1535 807 1597 quae
826 1537 940 1598 corpus
960 1516 1088 1599 quidem

158 1616 274 1693 allicit,
290 1615 485 1678 voluntatem
504 1614 590 1675 nullo
610 1613 715 1674 modo.
740 1613 799 1676 Ubi
822 1614 905 1675 enim
926 1615 1013 1676 nulla
1033 1633 1089 1677 vo-

155 1712 260 1774 luntas
282 1716 343 1788 est,
361 1711 465 1772 nullus
484 1727 552 1770 esse
576 1710 672 1770 debet
694 1713 885 1788 contractuS,
911 1709 983 1772 cum
1007 1710 1089 1772 desit

156 1809 347 1870 elementum
370 1807 576 1886 precipuum,
600 1806 711 1884 idest,
735 1807 912 1886 placitum:
937 1825 1094 1887 namque,

156 1904 210 1984 qui
225 1904 284 1965 sub
303 1903 358 1964 tali
377 1902 407 1964 vi
431 1902 619 1964 constitutus
642 1901 718 1982 agit,
742 1905 859 1981 patitur
881 1903 996 1982 potius,
1023 1922 1086 1964 non

155 2001 232 2079 agit.
255 1998 287 2061 Si
307 2017 383 2079 ergo
404 1999 435 2059 vi
450 1998 562 2078 aliquis
585 1998 751 2060 inclinaret
774 2001 869 2076 caput
891 1998 941 2060 vel
959 2003 1087 2077 pruten-

155 2095 247 2157 deret
272 2113 402 2157 manum
425 2094 466 2156 ad
488 2097 618 2156 uxorem
638 2094 679 2155 ad
701 2111 889 2155 consensum
910 2095 1087 2174 significan-

155 2192 243 2270 dum,
259 2193 336 2254 dum
348 2193 416 2270 ipse
430 2192 609 2267 reluctaret,
622 2191 689 2271 ipse
700 2193 785 2252 certa
796 2209 859 2251 non
874 2191 1084 2268 contraheret,

154 2292 230 2370 qnia
244 2308 306 2351 non
321 2288 476 2350 consentit
489 2288 553 2349 ullo
567 2288 673 2349 mode.

195 2389 237 2449 At
250 2405 313 2448 non
326 2387 371 2446 ita
385 2386 412 2446 si
426 2403 528 2446 sermo
543 2386 582 2447 sit
597 2385 635 2446 de
651 2385 789 2464 quadam
811 2385 841 2446 vi
858 2384 1084 2461 conditionata,

154 2501 226 2564 quae
240 2481 344 2561 potius
360 2482 474 2544 dicitur
487 2481 625 2558 moralis,
639 2499 773 2560 quaeque
784 2481 978 2542 voluntatem
989 2479 1087 2542 allicit

153 2583 186 2641 et
200 2581 310 2640 causat
318 2594 516 2638 consensum.
529 2575 612 2636 Talis
627 2578 674 2636 est
686 2575 781 2636 timor
794 2573 883 2654 cujus
898 2578 1012 2637 natura
1026 2577 1082 2650 est,

85 2702 87 2710 ¹
153 2684 189 2738 ut
202 2676 276 2739 licet
290 2675 344 2755 qui
357 2674 469 2736 timore
484 2673 560 2753 agit,
577 2676 687 2751 sponte
707 2691 769 2735 non
791 2679 875 2754 agat,
892 2673 948 2734 sed
967 2673 1082 2747 invite;

153 2776 260 2834 tamen
274 2771 372 2832 libere
388 2769 463 2850 agit,
480 2775 512 2828 et
531 2767 629 2829 libere
650 2768 845 2847 interplura
865 2787 965 2829 unum
985 2768 1081 2848 eligit,

154 2865 240 2946 quod
255 2865 314 2925 sibi
329 2863 457 2942 quidem
470 2862 609 2941 placeret
622 2862 737 2940 minus,
754 2862 810 2922 sed
832 2861 938 2922 utilius
959 2867 1085 2938 reputat

154 2963 195 3025 ad
209 2962 300 3044 pejus
314 2961 433 3022 malum
447 2955 639 3022 evitandum.
662 2961 758 3020 Porro
781 2959 813 3019 in
833 2958 892 3018 hac
916 2957 1019 3034 specie
1044 2957 1082 3015 de

152 3057 315 3120 validitate
331 3057 523 3136 nuptiarum,
540 3054 693 3134 disputari
706 3057 820 3134 potest.

192 3157 233 3216 nt
246 3155 376 3236 quidem
389 3154 416 3215 si
429 3153 534 3234 rigore
552 3151 633 3230 juris
652 3149 803 3212 naturalis
821 3166 871 3209 res
891 3146 1083 3226 expendera-

152 3255 215 3331 tur,
231 3252 319 3312 nulla
333 3250 515 3312 difficultate
530 3248 713 3309 viderentur
723 3245 839 3324 nuptiae
851 3245 1032 3321 consistere,
1045 3244 1084 3304 si-

152 3352 281 3433 quidem
293 3351 406 3413 timore
421 3367 485 3411 non
504 3347 661 3422 obstante,
682 3345 772 3406 adest
790 3362 972 3421 consensus,
994 3345 1084 3406 adest

152 3442 343 3510 centractus.
354 3449 394 3507 At
404 3462 475 3506 cum
485 3443 585 3503 libera
595 3439 731 3500 debeant
742 3455 809 3499 ease
823 3437 1034 3513 matrimonia,
1052 3440 1084 3498 et

149 3544 182 3607 iu
197 3543 406 3608 matrimoniis
421 3539 537 3603 coactis
558 3537 680 3600 soleant
699 3535 839 3597 infelices
857 3534 959 3598 exitus
977 3533 1083 3613 provi-
