2548 4020
175 306 233 364 228
381 311 611 360 rusrrrorrouns
632 311 715 357 rurus
737 308 893 356 canonici.

176 458 341 524 suetudine
361 461 446 520 certo
465 456 617 518 abolitum
635 459 682 518 est
703 454 782 515 illud
804 454 1065 534 impedimentum
1081 458 1103 519 ¹.

181 577 195 613 c
211 553 385 619 Cotectromi
397 553 523 614 nomine
538 551 589 611 hic
603 550 689 612 venit
702 549 866 612 instructio
882 567 939 610 seu
952 550 1106 630 professio

176 651 262 730 fidei,
279 669 349 731 quae
364 654 437 712 ante
451 649 650 710 collationem
663 646 810 724 baptismi
826 663 895 724 quae
910 645 1029 708 loribus
1047 649 1108 710 ltc-

177 750 281 810 clesiae
296 765 391 824 super
405 743 607 824 baptizando,
623 744 673 804 vel
693 742 781 804 istius
799 741 926 804 nomine
943 743 1012 803 fieri
1033 762 1108 804 oon-

178 845 291 920 suevit,
303 843 398 906 etiam
412 842 445 902 in
456 841 609 902 hodierna
618 839 767 912 Ecclesia,
779 839 855 900 dum
868 840 1016 900 sacerdos
1031 840 1109 918 bap-

178 943 278 1004 tizans
291 940 467 1018 interroget
480 937 675 1015 baptizatum
689 954 729 996 an
744 939 861 998 s'atanae
877 936 1052 1015 renuntiat,
1068 956 1108 998 an

179 1037 298 1112 credat,
313 1035 373 1112 etat
389 1038 420 1096 et
429 1035 498 1096 loco
508 1033 658 1113 baptizati
667 1033 704 1109 is,
718 1031 770 1111 qui
780 1031 813 1093 in
823 1033 1012 1094 catechismo
1023 1051 1109 1093 eum-

179 1134 252 1194 dem
265 1133 368 1207 tenet,
385 1129 425 1190 ad
440 1129 580 1209 singulas
593 1129 855 1210 interrogationes
869 1129 1032 1208 respondit
1044 1127 1068 1190 ².
1090 1151 1105 1186 u

218 1227 312 1287 Aliud
327 1225 587 1306 impedimentum
606 1243 663 1304 per
685 1225 945 1288 consuetudinem
968 1223 1007 1286 de
1028 1226 1110 1286 facto

180 1323 338 1385 sublatum
367 1325 414 1384 est
438 1321 516 1383 illud
531 1322 620 1403 quod
638 1321 799 1384 oriebatur
817 1339 855 1382 ex
876 1322 1015 1383 crimine.
1037 1325 1111 1384 Haec

180 1423 285 1482 autem
308 1419 531 1498 criminaque
560 1417 775 1496 impediebant
803 1435 842 1477 ne
874 1417 1110 1503 matrimonium

178 1515 279 1597 possit
290 1515 374 1576 licite
390 1514 545 1591 contrahi,
567 1517 641 1576 sunt
658 1514 817 1592 praecipue
838 1517 910 1576 octo
927 1534 933 1577 :
951 1515 1109 1592 susceptio

179 1610 315 1690 propriae
330 1609 428 1690 prolis
443 1628 481 1670 ex
500 1627 590 1671 sacro
611 1610 708 1686 fonte,
731 1608 906 1672 interfectio
927 1609 1045 1689 injusta
1066 1627 1113 1670 sa·

180 1704 328 1782 cerdotis,
345 1704 473 1783 publica
487 1706 682 1785 poenitentia,
700 1705 826 1784 quando
842 1705 910 1767 baec
921 1706 1036 1785 agitur,
1048 1698 1114 1766 me*
1150 1775 1154 1784 .

180 1801 364 1864 trimonium
378 1819 450 1862 cum
464 1802 604 1879 moniali,
620 1801 796 1865 interfectio
810 1801 927 1882 proprii
947 1801 1014 1879 lilii,
1035 1819 1113 1862 uxo·

181 1898 336 1975 ricidium,
353 1901 462 1977 raptus
476 1899 586 1962 alienae
601 1916 736 1976 sponsae,
753 1893 901 1960 incestus.

221 1994 450 2075 lmpedimente
464 2011 550 2056 mere
564 1994 769 2074 impedientia
783 2011 854 2074 quae
869 1993 973 2058 adhuc
993 1994 1111 2076 vigent,

183 2093 255 2151 sunt
268 2089 433 2169 sequentia
451 2109 457 2150 :

223 2190 255 2247 1⁰
269 2185 410 2247 Ecclesia
420 2185 539 2247 uetitum
553 2186 601 2246 est
613 2185 759 2264 specialis
780 2184 949 2265 prohibitio
971 2204 1035 2268 qua
1048 2204 1112 2247 ma·

181 2280 364 2344 trimonium
385 2281 570 2344 auctoritate
600 2280 1022 2362 ecclesiasticaquibusdam
1042 2300 1113 2361 pcr-

183 2379 267 2440 sonis
295 2397 334 2439 ex
361 2395 457 2440 causa
485 2377 625 2458 legitima
654 2377 798 2440 redditur
823 2379 978 2442 illicitum.
1004 2379 1112 2440 Geusae

182 2475 349 2555 praecipuae
364 2475 404 2536 ob
419 2493 497 2554 quas
516 2473 665 2554 superior
677 2474 908 2537 ecclesiasticus
925 2477 1028 2554 potest
1046 2491 1113 2535 rna-

182 2571 364 2632 trimonium
379 2570 577 2648 interdicere,
595 2576 667 2634 sunt
682 2572 818 2650 suspicio
834 2589 897 2634 nou
911 2590 994 2633 vana
1014 2571 1113 2633 laten-

182 2663 222 2724 tis
236 2661 462 2739 impedimenti,
484 2666 516 2724 ct
533 2665 627 2726 timor
644 2665 789 2746 gravium
808 2666 957 2742 rixarum,
980 2666 1112 2727 scanda-

182 2759 294 2834 lorum,
312 2764 372 2819 etc.
389 2758 430 2819 ob
444 2759 555 2820 talium
569 2779 778 2838 personarum
792 2761 1059 2842 conjunctionem.

222 2853 298 2916 lude
313 2853 438 2916 nomine
453 2855 610 2919 interdicti
621 2858 769 2921 Ecclesia
783 2877 846 2922 non
855 2860 951 2936 venit,
964 2858 1113 2920 interdic-

181 2956 249 3016 tum
264 2952 520 3030 ecclesiasticum,
538 2957 693 3033 quatenus
708 2955 787 3016 illud
801 2973 935 3017 censura
950 2963 1015 3029 est3
1041 2972 1113 3016 nam

181 3053 323 3128 tempore
336 3048 495 3112 interdicti
509 3053 613 3129 potest
634 3051 882 3129 matrimonium,
907 3051 989 3112 sieut
1009 3050 1114 3114 caeteri

181 3149 376 3222 contractus,
406 3145 490 3209 licite
514 3146 686 3223 celebrari,
711 3154 746 3209 ut
768 3146 883 3210 docent
906 3147 1114 3209 communiter

181 3242 366 3315 canonistae;
385 3246 416 3304 et
430 3243 490 3304 boc
513 3243 667 3323 procedet
689 3243 784 3306 etiam
808 3245 847 3306 de
861 3243 1070 3324 personaliter
1083 3245 1114 3304 et

180 3336 358 3413 specialiter
376 3337 565 3416 interdictis,
588 3339 615 3400 si
639 3341 870 3403 contumaciam
898 3339 1112 3421 deposuerint.

215 3533 223 3565 ¹
242 3531 491 3597 Schmclzgrueber,
506 3537 524 3586 l.
539 3538 584 3600 lv,
597 3541 641 3589 ut.
656 3552 696 3602 nr,
710 3541 725 3602 9
740 3543 779 3590 ll.
793 3565 826 3578 -*
838 3540 849 3572 ¹
863 3540 912 3602 ld,
924 3539 942 3590 l.
956 3551 979 3588 c·
