2504 4024
173 247 211 303 96
380 253 607 302 tnsrt'rurtottns
627 255 710 301 tutus
732 253 886 300 cruorum.

174 397 358 481 gerendum.
384 397 569 478 Hujusmodi
596 396 733 458 officium
751 400 823 480 erat
849 393 951 456 titulos
971 397 1106 473 propter

175 512 268 574 quem
283 493 412 554 ordines
421 493 671 568 conferebantur,
689 496 721 553 et
738 491 805 552 sins
827 509 888 571 quo
910 508 973 551 non
994 489 1106 551 oonle-
1138 481 1147 494 '

174 588 335 651 rebantur.
351 590 430 649 Nam
445 589 570 648 ordines
583 606 646 649 non
661 586 903 649 conferebantur
918 583 978 644 nisi
992 588 1029 646 ut
1048 584 1106 645 ali-

175 685 224 746 oui
240 685 341 746 oflieio
357 702 445 747 suero
460 685 508 745 vel
524 684 563 744 de
578 701 659 746 novo
672 681 812 745 instituto
827 680 1017 744 vel'vaoanti
1031 698 1105 758 pro-

176 779 354 855 videretur,
384 798 442 841 nee
468 779 693 859 providebatur
714 778 780 839 nisi
796 777 986 840 conferendo
1008 774 1103 836 alieni

177 875 319 937 ordinem
333 875 374 936 ad
393 875 471 935 illud
492 893 605 935 munus
624 863 819 954 requisitum,
841 877 875 936 ut
892 875 937 936 itu
950 876 1104 951 perpetuo

175 970 256 1032 illius
277 970 486 1041 functionibus
515 970 729 1032 determinatis
757 969 1001 1046 manoiparetur.
1032 969 1104 1048 Non

176 1063 381 1124 ordinabatur
394 1063 464 1143 quis
482 1064 647 1142 presbyter
667 1063 717 1125 vel
737 1063 951 1143 episcopusin
972 1079 1101 1141 genere,

178 1159 233 1220 sed
247 1158 329 1218 illius
343 1157 557 1221 determinatae
575 1159 722 1221 Eeolesiae
741 1158 791 1220 vel
808 1174 865 1238 pro
883 1157 936 1218 illo
956 1156 1105 1218 determi-

142 1257 144 1260 ’
177 1258 249 1316 nato
265 1254 366 1316 offioio
384 1274 391 1316 :
408 1254 491 1315 unde
506 1254 709 1316 ordinationis
723 1255 848 1317 nomine
863 1251 1037 1313 seeundum
1050 1269 1105 1311 ve-

175 1354 279 1411 terum
300 1367 455 1412 sanonum
476 1351 597 1429 praxim
618 1350 798 1412 collationes
820 1348 914 1411 etiam
934 1347 1105 1408 beneficio-

178 1468 247 1511 rum
261 1449 438 1511 veniebant.

216 1543 298 1620 Ergo
320 1540 493 1602 seeundum
512 1544 652 1602 veterem
666 1537 811 1602 Eoolesiae
827 1538 1022 1616 disoiphnam
1037 1539 1104 1598 sine

176 1635 265 1697 titulo
286 1652 377 1696 nemo
399 1636 614 1698 ordinabatur.
635 1636 756 1698 'litulns
777 1633 947 1713 praestabat
966 1631 1105 1694 olfioium

177 1748 301 1791 ssorum
315 1734 511 1809 perpetuum,
529 1731 618 1792 siouti
633 1735 804 1809 perpetuus
818 1733 886 1792 erat
900 1728 977 1791 ordo
993 1729 1048 1808 qui
1060 1727 1106 1787 illi

179 1825 280 1886 officio
300 1828 368 1887 erat
388 1843 539 1902 annexus,
562 1832 594 1886 et
614 1831 743 1906 propter
763 1826 850 1906 qnod
870 1829 938 1886 erat
960 1825 1103 1899 collatus,

178 1918 270 1978 simul
285 1922 316 1980 et
330 1918 383 1998 jus
407 1918 502 1982 dabat
524 1918 565 1980 ad
589 1921 846 1982 sustentationem
870 1922 996 1999 propter
1017 1919 1106 1978 idem

178 2009 315 2071 officium
330 2013 360 2071 et
373 2011 405 2071 ui
417 2011 514 2090 ipsius
529 2011 623 2073 offleii
636 2012 826 2074 habendam.
838 2014 885 2074 Ita
895 2011 1107 2073 eoelesiastioa

178 2105 341 2184 disciplina
355 2104 489 2167 feriebat
509 2110 543 2168 ut
564 2111 595 2168 l⁰
617 2107 693 2170 ordo
715 2125 777 2169 non
797 2103 914 2170 inutilis
935 2112 967 2169 et
987 2107 1106 2168 otiosus

177 2205 364 2278 remaneret,
377 2206 409 2263 2⁰
419 2205 453 2264 ut
464 2203 593 2264 elerious
602 2203 762 2266 ordinatus
773 2203 967 2266 cohaerenter
977 2203 1018 2264 ad
1027 2221 1105 2263 onus

54 2302 56 2306 '
178 2299 263 2378 quod
290 2300 431 2376 subibat,
453 2304 484 2361 et
503 2301 761 2362 sustentationem
780 2319 869 2361 suam
887 2300 1039 2375 haberet,
1065 2317 1105 2359 ne

178 2409 250 2452 oum
273 2391 428 2452 dedecore
450 2393 549 2452 status
565 2391 716 2452 olerioalis¹
730 2391 910 2452 mendicare
925 2393 1101 2474 cogeretur.

217 2487 329 2547 Modus
350 2489 455 2548 autem
473 2487 618 2565 capiendi
636 2486 754 2550 fruetus
771 2487 961 2565 temporales
979 2485 1019 2546 ab
1039 2485 1107 2545 offi-

179 2580 226 2640 eio
241 2579 298 2640 fuit
311 2579 416 2640 varius
427 2581 518 2660 juxta
530 2583 651 2643 variam
664 2583 811 2644 Eeolesiae
826 2573 1042 2660 disciplinam:

219 2676 386 2752 Quousque
401 2676 501 2754 viguit
520 2677 685 2756 disoiplina
705 2677 874 2756 primitiva,
899 2678 984 2758 qnod
1004 2680 1106 2738 totum

178 2767 335 2850 peculium
350 2771 594 2833 aeclesiasticum
610 2773 643 2832 in
664 2774 797 2836 solidum
818 2774 858 2834 ab
880 2775 1024 2855 episeopo
1039 2773 1106 2834 diu-

178 2883 330 2927 eonorum
346 2882 404 2945 ope
419 2866 700 2946 administraretur,
719 2869 979 2932 exeroebanthoe
989 2869 1041 2949 jus
1055 2887 1107 2929 re-

178 2960 322 3050 cipiendo
337 2962 377 3022 ab
398 2962 544 3041 episeopo
566 2981 625 3042 ope
647 2963 850 3027 diaconorum
870 2970 1033 3029 consuetas
1052 2985 1106 3047 pe·
1205 2999 1207 3003 ·

178 3061 277 3122 anniae
298 3060 348 3121 vel
366 3059 547 3122 victualium
566 3061 799 3139 pensitationes.

218 3155 349 3227 Quando
364 3155 464 3236 viguit
484 3155 649 3235 disciplina
669 3156 741 3220 vitae
763 3160 949 3236 eommunis,
971 3157 1106 3236 reeipie-

179 3251 256 3311 hant
278 3251 445 3328 alimenta,
472 3251 716 3331 habitationem,
742 3256 822 3330 ete,
848 3272 884 3315 ex
906 3255 975 3334 ipsa
995 3270 1107 3314 mensa

180 3361 348 3408 sommum.

220 3440 351 3511 Quando
366 3441 496 3520 singulis
511 3460 567 3520 pro
582 3425 683 3504 offleii
695 3444 843 3523 qualitate
863 3445 1006 3524 quaedam
1025 3463 1106 3522 prae-
