2476 4022
251 351 252 356 ,
368 317 408 362 nn
430 279 557 366 omnmo
577 321 658 368 sums
681 321 835 370 esnonmn
1027 315 1065 375 65

174 465 213 526 nt
227 463 357 546 quidem
370 463 476 526 stricte
491 463 550 527 hoo
564 465 616 546 jus
637 467 806 548 aliquando
826 474 985 534 servatum
1004 476 1062 538 est.

130 560 328 622 Clementina
350 564 392 637 1³,
409 561 448 621 de
463 562 644 642 privilegiis,
662 563 720 625 sub
735 567 1064 631 exeommuniostionis

129 675 228 736 poene
241 656 310 735 ipso
325 656 408 718 faoto
420 657 621 734 insumenda,
639 661 671 720 st
684 659 759 720 Sodi
769 660 956 740 Apostoiioae
965 683 1063 726 reser-

129 755 215 828 vete,
226 749 373 829 prohibet
382 751 580 832 regularibus
590 771 629 812 ne
640 753 706 814 siue
716 754 842 832 speciali
851 757 1064 834 parochorum

129 845 258 908 lieentia
279 845 508 906 Enoheristism
532 845 706 924 praebeent.
731 849 849 911 Verum
872 848 965 912 hodie
989 868 1065 913 oon-

129 942 228 1012 tratie
242 939 468 1003 eonsuetudine
483 940 622 1018 induots,
635 959 742 1004 omnes
752 945 930 1025 presbyteri
939 947 1064 1010 dunhe-

129 1037 253 1099 ristism
266 1037 420 1116 praebent,
437 1037 496 1098 nisi
509 1038 634 1099 usseris
644 1041 824 1103 ministeriis
834 1043 978 1120 suspensi
987 1041 1059 1120 sint,

129 1137 161 1195 et
175 1133 388 1211 parochorum
398 1132 450 1212 jus
466 1132 506 1194 sd
520 1136 773 1198 communionem
787 1139 948 1216 pssoslem
958 1145 989 1204 st
998 1139 1063 1202 vie·

127 1230 228 1293 ticum
242 1229 406 1292 sedentum
419 1233 476 1292 est.

272 1395 273 1399 ’
300 1357 302 1359 ¹
364 1389 398 1432 11.
409 1389 504 1442 Quorum
515 1389 543 1434 dt
554 1391 706 1450 suehssiutism
717 1390 824 1446 resipere.

168 1511 252 1572 xsst.
268 1510 313 1570 Ex
328 1508 457 1588 antique
474 1509 621 1572 Euelesiae
638 1511 876 1588 consuetudine,
899 1529 961 1592 que
979 1512 1061 1574 sole-

125 1607 207 1668 bant
220 1607 325 1684 potres
341 1605 436 1666 nostri
450 1606 631 1668 immediate
646 1611 717 1685 post
730 1607 886 1686 baptisma
895 1609 1060 1674 confirma.-

125 1702 247 1763 tionem
261 1699 479 1762 administrare
494 1704 526 1786 et
539 1703 572 1762 S.
588 1702 827 1779 Euohenstiem
840 1721 948 1764 omnes
962 1703 1056 1765 indis-

120 1797 317 1858 'oniminstim
331 1796 396 1856 sive
410 1796 509 1858 adulti
522 1797 587 1858 sive
601 1797 736 1858 infantes
752 1798 1000 1861 admittebantur
1014 1800 1055 1861 ad

126 1894 160 1954 S.
177 1891 439 1953 communionem.
457 1892 706 1970 Neeprobehiles
717 1893 952 1974 deeranthujus
963 1894 1057 1955 disoi-

125 1987 220 2067 plinae
236 2003 349 2063 osusae,
367 1993 402 2048 ut
416 1988 459 2048 eit
472 1989 565 2048 Gono.
589 1987 674 2048 Trid.
698 2009 705 2049 :
726 2006 800 2049 nem
820 2007 918 2069 quum
937 2009 975 2050 ex
994 2007 1058 2050 uns

125 2090 216 2162 parte
244 2082 438 2163 frequentior
460 2087 543 2146 esset
565 2083 745 2167 adultorum
767 2095 863 2164 que'm
886 2103 1057 2163 puerorum

125 2199 276 2242 numerus
291 2179 331 2240 ad
344 2173 506 2258 baptisma¹
515 2180 760 2260 suscipiendum,
771 2181 840 2259 ipsa
849 2183 972 2240 numeni
981 2201 1056 2260 peu·

125 2275 203 2335 oites
218 2273 374 2335 efficiebat
391 2277 426 2336 ut
445 2274 478 2334 in
497 2274 610 2336 minori
632 2289 762 2334 numero
782 2265 846 2333 non
866 2278 971 2350 posset
992 2275 1057 2336 evi-

124 2371 196 2434 tari.
508 2373 512 2378 ’
805 2389 809 2396 ·

165 2465 285 2528 Deinde
298 2485 374 2528 vsro
391 2484 488 2546 quum
503 2469 627 2530 vetusta
640 2466 787 2529 Ecclesiae
802 2463 966 2545 disciplina
984 2483 1058 2545 per-

125 2565 262 2628 mitteret
276 2564 310 2626 in
318 2565 537 2626 communione
549 2570 714 2644 utramque
724 2565 874 2643 speeiem,
885 2563 1055 2626 insentibus

125 2663 251 2739 poteret
263 2659 332 2730 deri
345 2660 541 2723 Euohmistie
560 2661 618 2722 sub
637 2661 740 2740 speeie
759 2659 834 2737 vini,
856 2677 951 2739 quem
970 2677 1057 2721 oom-
1080 2739 1083 2745 Ι

125 2757 251 2818 modius
263 2757 464 2838 deglutirent.
481 2759 522 2820 At
531 2760 697 2837 postquem
708 2758 748 2818 ab
758 2777 816 2823 usu
828 2756 1055 2819 eommunionis

125 2854 253 2916 recessit
265 2871 362 2934 penes
376 2854 488 2914 latinos
504 2852 584 2914 oslix
599 2859 809 2930 consecratus,
822 2853 968 2930 illiusque
978 2871 1055 2914 usus

124 2969 180 3031 pro
196 2968 259 3010 non
275 2949 509 3011 oonfioisntibus
524 2949 694 3029 abrogatus
708 2954 766 3026 est,
783 2967 841 3028 per
858 2963 1055 3026 oonsequens

126 3065 182 3108 noo
195 3046 368 3107 infantibus
382 3046 441 3106 fuit
453 3045 660 3107 ministratus.

163 3147 197 3206 ln
212 3161 318 3223 grseos
336 3140 486 3218 Emissis,
509 3142 562 3202 ubi
581 3142 754 3203 etiamnum
773 3142 917 3201 servetur
935 3138 1054 3218 speeies

124 3240 197 3316 vini,
215 3242 360 3300 servetur
375 3242 407 3302 et
419 3240 598 3300 communio
612 3239 779 3300 infantium
793 3235 853 3296 sub
871 3235 974 3314 speeie
990 3236 1055 3297 vini

124 3335 304 3398 immediate
320 3338 391 3414 post
403 3335 569 3414 baptismo.
593 3337 634 3396 At
655 3333 766 3408 Latini,
791 3349 925 3411 quorum
943 3334 1055 3394 immu-

125 3437 187 3496 tata
201 3431 387 3518 disoiplins‚-
396 3449 459 3494 non
474 3433 606 3511 emplius
621 3428 801 3491 immediate
815 3434 886 3508 post
898 3430 1056 3508 baptisma

124 3530 353 3593 Euehstistiem
367 3530 532 3609 baptizetis
546 3527 690 3590 omnibus
704 3525 931 3604 ministrarunt,
950 3541 1056 3606 pueros

920 3635 950 3686 4*
