2548 4020
161 285 219 342 22⁴
369 291 596 338 msrrrurrorss
617 291 700 336 sums
722 288 877 336 cneorum.

162 439 300 500 dimento
314 434 369 497 teli
384 433 508 513 publice
523 451 585 495 non
599 438 732 509 constet,
745 451 816 494 cum
825 433 1036 512 incommoda,
1048 437 1091 496 oh

161 553 231 616 quae
246 531 443 594 clandestina
461 530 662 592 matrimonia
679 529 768 592 irritu
788 529 872 592 fecte
892 535 975 610 sunt,
1000 532 1091 596 factis

160 632 192 691 in
206 631 262 692 teli
275 647 350 690 casu
367 629 472 689 cereri
484 628 614 707 possint.

201 725 250 782 An
265 721 438 782 etiamnum
452 720 485 780 in
495 720 581 796 locis,
594 720 647 781 ubi
658 719 820 781 decretum
830 719 952 782 concilii
962 722 1092 782 'iriden-

162 817 218 879 tini
233 835 295 878 non
311 820 358 877 est
371 819 544 894 receptum,
561 820 615 877 aut
628 816 874 896 promulgatum,
891 818 1092 880 matrimonia

163 912 358 977 claudestina
372 913 434 975 sint
448 912 577 974 relide?

203 1007 381 1086 Respondet
387 1025 424 1066 ur
437 1006 635 1082 affirmative,
652 1005 719 1067 sive
732 1005 846 1066 deinde
860 1006 948 1068 locus
962 1007 1026 1085 ille,
1039 1009 1093 1070 ubi

162 1107 329 1165 Decretum
348 1101 408 1163 hoe
430 1100 605 1163 Tridentini
622 1101 869 1182 promulgatum,
894 1103 960 1164 sive
984 1094 1094 1183 recep-

162 1207 230 1261 tum
244 1215 307 1260 non
323 1205 381 1274 est,
394 1198 435 1260 sit
444 1196 627 1275 catholicus,
641 1197 706 1260 sive
717 1197 894 1274 haeretieus,
907 1199 982 1278 quia
992 1203 1094 1262 conei-

162 1295 240 1356 lium
261 1307 407 1372 expresse
426 1292 519 1367 dicit,
541 1290 703 1354 decretum
727 1293 787 1353 hoc
806 1311 898 1353 suum
916 1294 1094 1371 invalidens

164 1386 365 1449 matrimonia
376 1385 580 1462 clandestine,
593 1386 695 1447 'robur
709 1403 801 1447 suum
815 1403 878 1448 non
893 1386 1023 1461 hebere,
1036 1391 1094 1450 nisi

163 1485 196 1544 iu
210 1483 362 1563 parochie
375 1481 481 1562 alique
495 1483 690 1562 publicatum
704 1481 780 1543 illud
795 1481 900 1560 fuerit,
921 1490 953 1544 et
967 1484 1096 1564 quidem

163 1585 233 1660 post
247 1580 376 1660 triginta
390 1579 457 1640 dies
471 1598 490 1640 e
505 1580 555 1640 die
574 1578 665 1641 fectae
684 1579 794 1658 primm
814 1581 1092 1662 promulgationis3

164 1677 196 1735 et
209 1674 282 1734 hinc
295 1691 359 1734 non
373 1677 496 1735 tentum
510 1675 631 1735 eertum
645 1677 703 1750 est,
728 1675 813 1754 quod
832 1675 989 1738 christani
1009 1676 1095 1754 apud

164 1776 281 1836 Terces
297 1790 327 1832 v.
344 1791 376 1851 g.
394 1772 520 1850 captivi,
537 1774 592 1835 ant
610 1775 803 1836 mercatores
821 1793 852 1836 v.
875 1795 908 1855 g.
927 1774 1011 1836 inter
1028 1774 1096 1836 infi-

165 1869 251 1930 deles
270 1867 423 1946 riventes,
446 1871 505 1931 etc.
528 1871 649 1950 possint
667 1871 769 1932 valide
787 1871 821 1932 in
838 1871 899 1934 illis
916 1872 993 1933 loeis
1015 1873 1097 1934 clem

165 1964 362 2041 contrahere,
375 1963 441 2023 sine
453 1963 770 2044 praesentieperoehi,
784 1968 815 2026 et
824 1965 961 2039 testium,
974 1965 1097 2027 etiamsi
1164 2043 1170 2050 ·

165 2060 197 2120 in
206 2059 276 2121 loco
287 2058 437 2121 domicilii
446 2059 665 2122 Tridentinum
678 2061 714 2123 fit
727 2065 900 2140 receptum,
913 2060 968 2120 sed
984 2061 1099 2140 proha-

165 2157 228 2218 bile
244 2156 339 2217 etiam
354 2161 412 2233 est,
429 2173 483 2218 eos
499 2156 604 2232 etiem,
622 2157 676 2234 qui
691 2155 731 2216 ed
745 2157 846 2217 terres
860 2155 949 2232 teies,
961 2155 1015 2218 uhi
1029 2157 1100 2218 Tri-

166 2254 330 2316 dentinum
343 2254 588 2333 promulgatum,
602 2256 656 2314 aut
670 2256 833 2331 receptum
848 2259 979 2328 nonest,
992 2254 1098 2314 animo

167 2352 373 2416 contrahendi
388 2352 582 2414 clandestine
597 2351 775 2428 discedunt,
792 2351 896 2413 valide
911 2352 1099 2415 contrahere

167 2448 373 2523 clandestine,
390 2464 463 2508 cum
477 2445 636 2524 peregrini
650 2445 772 2524 legibus
786 2445 868 2506 illins
882 2444 1002 2524 patrie,
1020 2463 1099 2525 prae·

168 2543 276 2604 sertim
303 2542 387 2603 eirea
414 2544 608 2618 contractus,
638 2540 878 2602 accommodare
911 2558 944 2601 se
980 2542 1101 2620 possint

169 2637 240 2717 (nisi
256 2636 423 2714 peculiaris
437 2637 543 2717 eliqua
556 2637 607 2697 lex
622 2637 747 2717 obstet),
765 2638 863 2716 etqui
879 2656 914 2696 ex
925 2636 1029 2716 patrie
1039 2637 1101 2698 dis-

168 2733 296 2804 cedunt,
318 2728 371 2788 uhi
392 2729 566 2790 Tridentini
588 2729 749 2792 decretum
769 2731 829 2792 hoc
852 2733 1014 2808 receptum
1037 2747 1100 2790 non

169 2829 227 2904 est,
244 2844 307 2887 non
321 2824 442 2906 possint
454 2825 487 2884 in
506 2825 588 2900 loeo,
611 2826 664 2888 uhi
685 2831 849 2906 receptum
869 2824 1098 2900 Tridentium,

170 2923 275 3007 quoad
289 2923 350 2985 hoc
369 2922 532 2984 decretum
553 2927 612 2999 est,
634 2923 738 2985 valide
762 2922 954 2985 clandestine
976 2927 1102 2985 contre·

170 3024 256 3100 here,
287 3039 359 3082 cum
386 3020 571 3099 plerumque
597 3019 630 3080 in
658 3020 791 3082 materie
814 3022 1010 3082 contractum
1034 3019 1100 3100 ejus

169 3119 230 3183 loci
244 3120 341 3200 leges,
354 3123 385 3178 et
399 3116 612 3179 solemnitates
626 3115 749 3179 fervere
764 3115 901 3178 debeant
916 3117 1102 3178 contrahen-

170 3219 228 3291 tes,
245 3214 298 3276 uhi
314 3213 514 3278 contrahunt.
531 3212 610 3304 llide
625 3213 717 3293 plura
730 3214 769 3275 de
788 3211 837 3273 his
857 3212 943 3293 apud
966 3211 1102 3274 Theolo-

171 3327 228 3388 gos
242 3311 389 3372 Morales.

211 3407 322 3465 Utrum
337 3407 549 3468 necessarium
563 3406 603 3468 sit
621 3405 662 3468 ed
680 3405 821 3468 valorem
840 3404 1043 3483 matrimonii,
1069 3409 1103 3467 ut
1145 3470 1148 3476 ,

172 3498 296 3561 assistat
309 3501 454 3578 proprius
468 3502 631 3583 utriusque
647 3502 862 3566 contrahentis
882 3501 1054 3582 parochus,
1071 3504 1103 3562 et
