2530 4016
379 317 417 360 na
439 313 567 361 cernere
588 314 670 359 roms
692 313 848 360 cnrormr.
1020 305 1077 362 335

458 473 624 520 Anrlcutus
647 475 767 521 antuus.

482 592 535 664 De
549 590 730 654 alienatione.

187 763 224 822 ΙΙ.
241 758 333 820 Initio
349 755 495 818 Ecclesiae
515 755 662 818 alienatio
677 755 834 817 bonorum
854 756 1080 822 ecclesiastico-

147 872 218 918 rum
232 857 299 914 erat
313 867 386 932 pars
401 848 568 910 ordinariae
585 849 866 921 administrationis
881 853 1078 932 eorumdem,

146 945 302 1028 siquidem
316 963 378 1008 uon
401 944 588 1024 expediebat
611 945 758 1007 Ecclesiae
774 947 832 1007 sub
846 947 952 1027 gladio
973 967 1081 1026 perse-

148 1034 334 1126 quutionum
347 1042 431 1102 bona
444 1041 619 1103 immobilia
631 1043 805 1122 possidere.
822 1045 905 1123 Ergo
931 1046 1080 1124 quemad-

147 1140 277 1202 modum
304 1139 469 1218 episcopus
502 1142 569 1200 erat
601 1137 843 1203 administrator¹
865 1145 957 1201 uatus
985 1140 1079 1221 hujus

147 1236 273 1317 peculii,
290 1240 320 1297 et
331 1233 431 1316 judex
454 1233 612 1314 legitimus
628 1234 681 1313 qui
700 1233 854 1296 indicaret
874 1233 913 1294 de
934 1254 972 1296 eo
995 1236 1080 1316 quod

147 1333 293 1394 Ecclesiae
308 1332 409 1410 magis
423 1327 584 1392 videretur
598 1330 757 1408 expedire,
771 1329 818 1390 ¹ita
834 1330 917 1390 illius
939 1331 1078 1405 decreto,

147 1426 320 1488 ministerio
348 1426 553 1488 diaconorum
574 1424 660 1486 bona
682 1426 829 1489 Ecclesiae
848 1427 1078 1488 alienabantur.

148 1525 282 1589 Cessatis
303 1523 583 1604 persecutionibus,
607 1525 798 1586 contrarium
812 1525 1001 1604 principium
1025 1525 1081 1586 ad-

147 1619 383 1682 ministrationis
399 1619 543 1696 obtinuit,
564 1619 710 1682 videlicet
732 1621 816 1700 quod
835 1621 982 1682 Ecclesiae
998 1621 1081 1683 bona

147 1719 230 1776 tecta
244 1717 390 1793 sertaque
405 1716 616 1790 servarentur,
629 1719 665 1773 ut
678 1715 756 1775 certi
770 1715 912 1777 redditus
933 1714 1080 1794 suppedi-

148 1812 251 1871 tarent
265 1827 335 1888 quee
351 1808 393 1870 ad
407 1809 589 1885 obeundum
602 1809 744 1870 divinum
758 1811 886 1886 cultum,
899 1811 940 1872 ad
950 1811 1080 1871 alendos

148 1906 294 1970 Ecclesia
305 1905 475 1992 ministros,
488 1905 528 1966 ad
538 1906 689 1967 fovendos
699 1924 854 1986 pauperes
864 1907 1077 1987 requiruntur.

148 2006 222 2064 Haec
236 2003 347 2082 regula
359 2006 428 2063 tum
442 2000 539 2063 saeris
554 2001 738 2078 canonibus,
755 2003 823 2062 tum
838 2000 981 2062 civilibus
1001 2001 1080 2081 legd-

148 2096 476 2160 busoonfirrnataest.
1161 2169 1165 2180 ¹

188 2191 257 2276 Nou
281 2193 388 2252 autem
407 2188 445 2249 iis
462 2187 585 2268 legibus
607 2188 749 2249 absolute
763 2186 922 2266 prohibita
936 2190 983 2249 est
998 2205 1081 2268 quao-

148 2287 226 2349 libet
246 2287 403 2347 bonorum
429 2283 712 2348 ecclesiasticorum
740 2283 897 2360 alienatio,
927 2283 981 2344 sed
1010 2303 1080 2365 quaa

149 2382 216 2443 sine
235 2379 327 2460 justis
356 2379 458 2440 causis
478 2381 585 2455 fieret,
612 2396 745 2460 quaeque
770 2377 947 2440 inconsulto
979 2378 1081 2439 immi·

151 2480 262 2538 uueret
276 2474 521 2536 ecclesiasticum
535 2473 770 2552 patrimonium.
786 2473 855 2534 Non
874 2472 966 2535 aliter
984 2477 1016 2536 et
1029 2493 1083 2534 ou·

147 2571 334 2652 juscumque
354 2569 632 2632 administrationis
649 2569 748 2648 leges,
766 2585 838 2630 oum
852 2587 910 2648 pro
924 2568 1079 2650 principio

150 2670 268 2737 habent
295 2667 378 2749 quod
407 2669 491 2728 bona
518 2666 641 2729 stabilia
669 2670 700 2729 et
722 2665 883 2728 fructifera
905 2669 1082 2746 augeantur

151 2765 293 2845 quidem,
331 2782 393 2826 nou
424 2763 667 2838 imminuantur;
702 2763 784 2825 hanc
823 2767 929 2824 tamen
963 2763 1081 2823 habent

151 2862 366 2940 exceptionem
381 2860 465 2940 quod
479 2859 626 2922 videlicet
648 2860 842 2920 necessitatis
864 2858 915 2917 vel
939 2857 1081 2918 utilitatis

151 2959 229 3020 ratio
243 2959 370 3020 illorum
385 2957 605 3019 alienationem
619 2973 683 3018 non
698 2956 814 3034 exigat.

190 3057 287 3116 Porro
312 3071 477 3115 causarum
504 3053 653 3132 legitimae
678 3050 876 3113 alienationis
900 3049 998 3131 judex
1023 3049 1082 3109 fuit

151 3149 260 3229 primis
282 3147 476 3227 temporibus
500 3165 580 3208 unus
603 3146 786 3224 Episcopus,
811 3140 900 3226 eujus
918 3146 1082 3223 perspecta

151 3248 219 3307 erat
232 3244 384 3324 probitas,
402 3245 453 3305 cui
466 3243 554 3305 licuit
569 3245 600 3304 et
613 3258 721 3303 servos
735 3240 955 3303 manumittere
966 3244 997 3301 et
1006 3257 1083 3300 vasa

150 3357 241 3401 sacra
268 3339 525 3400 redimendorum
552 3338 749 3417 captivarum
772 3339 874 3417 gratia
895 3337 1080 3398 distrahere.

151 3437 225 3496 Hac
248 3453 323 3497 vero
346 3437 573 3515 Episcoporum
593 3437 731 3516 potestas
753 3433 891 3495 cohibita
907 3432 1019 3494 deiude
1036 3435 1083 3492 est

151 3529 273 3591 ratione
288 3532 454 3606 abusuum‚
472 3534 502 3594 at
522 3531 726 3594 coustitutum
741 3531 789 3591 est
802 3530 828 3590 si
842 3545 892 3589 res
913 3525 1082 3590 immobilis
