2530 4016
200 290 259 350 316
406 295 634 346 lusururrouns
655 297 738 344 runrs
759 295 915 344 cauourcr.

200 444 338 510 Ecclesia
357 443 455 508 latina
478 463 484 506 :
510 441 593 506 diem
607 445 676 507 I0⁸¹²
696 447 823 508 servant
848 446 958 508 Graeoi.
979 448 1131 512 Rationes

198 542 339 622 mystioae
355 541 468 604 horum
482 558 684 604 numerorum
697 546 829 620 possunt
843 542 945 605 videri
955 544 1040 624 apud
1050 547 1132 608 Pou-

197 641 288 716 tium,
305 637 434 700 ibidem.
511 635 513 640 ’
977 689 980 696 .

238 737 395 797 Praeterea
408 733 621 795 anniversaria
635 734 833 796 celebrantur
845 734 911 796 sive
926 753 984 814 pro
998 737 1131 817 singulis

199 832 264 893 sive
279 848 337 910 pro
353 830 499 891 omnibus
513 828 680 907 defunctis,
695 829 762 891 sive
776 847 833 909 pro
842 830 974 911 integris
987 830 1128 910 familiis,

198 924 504 1006 congregationibus,
522 924 694 1002 ordinibus,
711 942 774 987 non
788 925 855 986 sine
878 943 1001 988 summo
1023 945 1131 990 exem-

198 1023 249 1104 plo
264 1020 424 1084 charitatis
438 1020 596 1097 Ecclesia,
614 1038 683 1100 quae
705 1038 769 1081 una
783 1038 855 1082 curn
869 1022 1025 1104 suffragiis
1047 1041 1131 1086 mor·
1214 1087 1219 1095 ,

74 1122 77 1130 ’
196 1124 322 1183 tuorum
336 1114 508 1196 conjungit.
519 1114 631 1194 solatia
650 1115 806 1179 vivorum.

433 1291 445 1340 fi
461 1285 495 1330 11.
510 1296 538 1331 ux
552 1295 693 1331 sxrunrurus
707 1297 896 1332 xconxsrusrrors.

237 1399 346 1462 XVIII.
363 1398 441 1459 Gum
454 1396 566 1477 triplex
581 1395 621 1458 sit
634 1393 782 1457 Ecclesiae
796 1395 973 1458 christiana
997 1400 1103 1460 status
1119 1419 1125 1458 :

196 1499 252 1558 aut
275 1495 358 1556 enim
381 1492 494 1555 militat
515 1492 547 1553 in
569 1492 673 1569 terris,
697 1495 751 1554 aut
773 1498 993 1571 temporaneas
1015 1511 1129 1572 poenas

196 1590 254 1651 luit
280 1591 312 1650 in
340 1588 517 1669 pagatorio,
547 1591 603 1650 aut
628 1603 700 1649 cum
733 1588 855 1651 Christo
890 1588 1065 1668 triumphat
1095 1591 1127 1650 in

196 1684 294 1762 coelis,
320 1701 421 1761 mors,
448 1682 539 1764 juxta
568 1701 659 1744 suum
682 1688 868 1762 conceptum
891 1683 1125 1765 dogmaticum,

195 1797 259 1840 non
282 1777 500 1840 consideratur
522 1779 556 1838 in
578 1779 719 1841 Ecclesia
741 1781 893 1859 tanquam
918 1779 1127 1843 infortunium

196 1876 280 1957 quod
294 1875 333 1937 de
348 1893 381 1936 se
405 1875 565 1937 homiuem
587 1881 734 1957 segreget
748 1877 789 1938 ab
813 1876 1026 1940 ecclesiastiea
1042 1896 1127 1939 com-

194 1972 354 2049 munione,
370 1970 462 2034 sicuti
476 1990 539 2033 non
558 1975 705 2054 segregat
719 1975 751 2034 et
764 1991 784 2054 a
798 1973 1017 2035 communione
1036 1991 1127 2036 sanc-

193 2075 308 2146 torum,
325 2068 380 2130 sed
399 2068 502 2130 solum
523 2068 740 2131 consideratur
753 2073 904 2148 tanquam
926 2073 1081 2150 perpetua
1095 2075 1127 2134 et

193 2164 407 2229 irrevocabilis
430 2164 586 2245 separatio
610 2164 651 2228 sb
677 2163 827 2241 Ecclesia,
853 2165 979 2254 quando
1007 2167 1127 2245 reperit

194 2259 352 2322 hominem
366 2261 399 2321 et
420 2259 587 2321 obtruncet
600 2256 632 2318 in
657 2259 741 2319 stetu
755 2257 875 2337 peccati
892 2276 899 2318 :
917 2257 1001 2319 undo
1023 2257 1126 2338 ipses

194 2357 374 2418 sanctorum
394 2354 542 2416 societate
564 2352 604 2414 ab
623 2342 737 2414 ultimo
753 2352 817 2432 fine
846 2355 999 2432 perpetuo
1021 2353 1126 2419 exclu-

195 2451 290 2513 dItur.

232 2547 303 2606 Iam
316 2561 392 2607 roro
406 2543 552 2606 Ecclesiae
569 2561 631 2604 non
652 2542 812 2631 revelatur
825 2563 845 2606 a
858 2546 923 2606 Deo
947 2543 1049 2625 qualis
1063 2543 1126 2606 ista

192 2657 278 2700 mors
292 2639 430 2700 fueritin
452 2638 634 2715 individu03
651 2640 708 2702 sod
723 2657 786 2701 non
800 2641 872 2702 ideo
888 2641 1002 2703 desunt
1016 2641 1126 2704 llcole-

193 2736 247 2797 siae
262 2737 523 2814 praesumptiones
538 2738 621 2798 unde
641 2737 741 2818 possit
754 2738 863 2800 mortis
877 2738 1062 2818 qualitatem
1076 2756 1126 2801 ar-
1226 2775 1231 2786 ·
1253 2743 1254 2750 ’

192 2849 300 2913 guero.
318 2831 460 2910 Namque
475 2849 512 2891 ex
527 2848 564 2893 eo
580 2833 733 2913 principio
749 2833 835 2914 quod
854 2840 992 2914 nequeat
1006 2833 1124 2896 habere

193 2933 292 2990 Deum
307 2930 443 3004 Patrem,
460 2925 513 3008 qui
528 2945 591 2988 non
605 2928 703 2990 hahet
716 2919 889 2991 Ecclesiam
903 2931 1049 3012 Matrem,
1065 2949 1124 2992 nec

192 3024 372 3087 societatem
387 3039 460 3084 cum
479 3025 556 3100 Deo,
579 3023 632 3103 qui
654 3025 909 3088 communionem
931 3043 995 3088 non
1018 3031 1126 3087 servat

192 3136 265 3180 oum
285 3118 445 3196 Ecclesia,
468 3123 534 3182 toto
555 3117 627 3198 jure
651 3123 683 3182 ct
704 3118 933 3183 rationabiliter
958 3121 1124 3200 praesumit

192 3216 277 3296 quod
291 3216 345 3296 qui
372 3220 460 3280 extra
480 3217 627 3280 Ecclesiae
652 3217 906 3298 communionem
930 3218 1125 3281 exhalaverit

192 3310 340 3388 animem,
353 3311 511 3391 justorum
524 3317 658 3375 mortem
672 3315 820 3394 appetere
835 3330 898 3376 non
912 3314 1059 3393 potuerit.
1077 3315 1125 3376 Si·

128 3406 133 3415 ’
191 3403 305 3464 militer
318 3409 349 3467 et
363 3423 416 3466 eos
431 3407 483 3485 qui
498 3405 570 3468 licet
584 3407 624 3469 ab
639 3409 786 3472 Ecclesiae
809 3409 879 3470 sinu
903 3427 966 3471 non
987 3407 1121 3486 exclusi,

192 3500 298 3560 tamen
313 3507 421 3562 contre
434 3501 581 3564 Ecclesiae
602 3503 662 3581 piae
683 3505 793 3566 matris
815 3504 946 3583 monite,
963 3507 1125 3585 praeoopta
