2530 4016
376 277 415 326 au
436 277 565 325 caruero
585 277 668 325 sunus
689 277 842 328 cuuou1cr.
1014 271 1070 330 tal

140 443 248 503 mune,
270 421 386 486 cedant
412 421 559 484 monachi
580 420 777 500 monialibus,
798 421 931 485 alterum
956 424 1015 488 sibi
1034 426 1072 488 de

140 542 224 588 nova
243 520 412 584 aedificent.
430 518 464 582 si
482 518 583 598 plura,
599 519 752 580 moniales
777 537 850 580 cum
872 522 1070 600 monialibus,

139 618 289 682 monachi
304 633 377 679 eum
392 613 555 676 monacbis
574 613 605 674 in
627 618 773 692 separata
794 618 984 678 monasteria
998 637 1074 679 con-

139 716 361 795 gregarentur.

181 808 246 872 Sed
273 824 346 869 eum
374 803 425 865 hio
453 820 521 864 mos
544 803 685 865 nondum
708 803 880 883 extirpatus
908 811 990 868 esset
1016 825 1072 868 sae-

140 904 212 968 culo
227 919 297 980 v111‚
314 903 430 964 iterum
443 900 611 961 damnatus
626 903 673 960 est
686 900 719 960 in
733 901 854 979 synodo
866 917 911 964 vn
921 903 1071 981 generali,

140 1001 270 1062 Niaaena
283 1015 319 1073 11,
337 1000 368 1058 et
381 995 474 1074 plura
487 993 572 1055 eirca
585 994 831 1056 familiaritatem
845 997 1074 1059 monachorum

141 1101 174 1156 et
191 1093 375 1156 monialium
396 1090 563 1162 salubriter
584 1089 725 1152 instituta
745 1091 891 1155 ordinata
911 1097 993 1154 sunt.
1018 1096 1074 1155 (la-

141 1208 224 1252 none
243 1193 284 1252 20
303 1187 401 1249 relato
422 1187 455 1247 iu
478 1204 599 1247 canone
620 1185 775 1264 definimus
788 1190 828 1247 il
843 1187 881 1266 (a.
904 1191 952 1264 ts,
976 1207 1006 1268 q.
1028 1188 1070 1269 ἓ).

141 1284 233 1348 [lude
256 1285 346 1365 lapsu
370 1282 519 1362 temporis
536 1281 603 1342 haee
626 1282 817 1344 monasteria
839 1282 976 1360 duplicia
1003 1303 1074 1346 eva-

140 1384 279 1441 nuerunt
293 1379 431 1455 omnino,
449 1382 480 1438 et
494 1374 587 1436 hodie
602 1375 737 1453 amplius
752 1394 814 1438 noa
830 1381 919 1451 sunt3
938 1381 969 1438 et
989 1397 1075 1439 com-

140 1476 229 1538 muni
253 1492 398 1536 sermons
422 1473 486 1534 sive
502 1471 577 1532 ‘baso
603 1470 783 1531 habitacula
803 1471 865 1535 sint
885 1474 1075 1536 monasteria

140 1572 207 1634 sive
222 1575 394 1634 conventus
414 1569 479 1631 sive
498 1567 610 1629 domus
631 1566 797 1646 religiosae,
819 1569 996 1646 promiscuo
1018 1589 1075 1631 no-

140 1669 225 1730 mine
248 1671 403 1729 vocantur
423 1665 494 1726 loca
517 1682 572 1725 seu
596 1663 730 1726 aedifieia
750 1665 857 1728 omnia
877 1665 1073 1746 perfectioris

141 1765 214 1826 vitae
229 1759 436 1825 observantiae
452 1759 619 1826 destinata.

472 1923 505 1971 11.
520 1925 551 1969 lle
562 1925 611 1980 lege
626 1927 747 1970 orbationis.

184 2054 236 2117 ΙΙΙ.
254 2053 380 2115 Nullum
394 2052 499 2132 potest
520 2051 621 2114 extrui
635 2067 753 2112 novum
774 2049 1000 2112 monasterium
1020 2059 1076 2112 aut

143 2151 305 2216 desertum
318 2149 473 2213 reassumi
486 2148 545 2211 nisi
567 2168 573 2209 :

184 2251 214 2308 l⁰
230 2241 333 2308 Debita
346 2243 521 2305 auctoritate
535 2261 547 2304 .·
561 2241 663 2306 Venia
676 2229 827 2322 episcopi,
841 2242 1076 2322 beneplacitum

143 2344 228 2406 sedis
241 2342 434 2423 apostolieae.

183 2437 299 2516 Excipe
315 2435 486 2514 hospitium
500 2432 689 2512 recipiendis
702 2433 900 2514 regularibus
910 2435 972 2497 iter
981 2452 1075 2514 agen-

144 2533 228 2596 tibus
247 2532 448 2604 destinatum,
471 2535 526 2590 aut
544 2527 655 2590 domus
673 2528 859 2591 clericorum
877 2529 1075 2592 saecularium

144 2628 318 2692 viventium
330 2628 362 2689 in
378 2625 547 2689 communi.

185 2729 218 2786 2⁰
233 2723 379 2787 Concessa
393 2718 717 2798 intercolumnium,
735 2719 789 2799 qui
803 2721 875 2781 sunt
888 2719 1011 2784 finitimi
1025 2739 1075 2782 re-

146 2823 272 2906 gulares
296 2824 328 2883 et
348 2816 479 2899 parochi
503 2817 616 2897 quibus
644 2817 772 2899 aliquod
794 2819 1017 2880 detrimentum
1038 2837 1075 2878 ex

146 2938 228 2983 novo
244 2918 387 2982 coenobio
402 2917 505 2996 potest
518 2913 682 2976 imminere
701 2917 751 2976 vel
772 2915 876 2996 quoad
892 2915 965 2994 jura
985 2932 1076 2992 paro-

146 3014 271 3091 ehialis,
287 3013 337 3074 vel
352 3010 455 3092 quoad
477 3011 692 3087 eleemosynas
713 3027 783 3088 quae
798 3010 912 3087 parant
931 3007 1075 3086 praeexis

145 3111 283 3174 tentibus
298 3111 461 3172 honestam
475 3106 766 3168 substentationem.
784 3106 980 3184 Quapropter
999 3104 1077 3164 solet

147 3208 304 3286 explorari
318 3221 487 3268 consensus
506 3206 537 3265 et
555 3200 768 3282 parochorum
787 3203 818 3262 et
838 3202 1076 3280 procuratorum

147 3305 294 3367 ordinum
307 3302 501 3384 regularium
521 3300 574 3379 qui
598 3299 681 3360 intra
702 3301 837 3378 quatuor
856 3297 1002 3358 milliaria
1022 3296 1075 3358 de-

146 3407 235 3482 gunt.
254 3402 317 3466 Sed
336 3401 362 3460 si
381 3397 502 3461 nullum
522 3399 570 3456 est
590 3394 764 3474 periculum
781 3393 970 3470 detrimenti,
995 3393 1077 3454 seria

146 3496 286 3578 episcopi
304 3495 489 3557 discretione
504 3494 607 3572 polest
620 3489 671 3551 hio
690 3507 860 3550 consensus
880 3488 1072 3568 posthaberi.
