2530 4016
162 281 219 341 324
368 293 595 341 susmromouss
616 293 699 340 rums
720 293 877 342 caucasei.

468 479 632 528 ARTIGULUS
654 481 774 528 eamus

132 576 137 586 ·
250 627 374 710 Dejara
387 646 444 709 qao
457 627 567 708 qaadet
578 627 711 690 Ecclesia
732 629 907 711 acquirendi
925 629 999 692 daca

385 729 387 733 ’
532 724 713 805 temporalia.

198 862 222 924 1.
247 862 366 923 Eodem
385 859 468 940 jure,
495 861 527 922 et
548 858 673 939 potiori,
700 876 762 938 quo
785 858 967 922 facultatem
991 860 1090 925 habet

159 975 208 1019 res
222 957 347 1037 publica
361 953 459 1016 civilis
474 954 679 1032 comparandi
699 953 759 1015 sibi
780 954 865 1016 bona
885 957 1088 1034 temporalia,

157 1052 275 1133 gaudet
289 1057 320 1111 et
333 1049 481 1110 Ecclesia.
507 1050 587 1108 Nam
608 1049 682 1109 licet
699 1050 840 1111 Ecclesia
861 1051 1090 1128 temporalibus

157 1145 252 1206 rebus
279 1161 343 1204 non
368 1141 513 1203 intendat
535 1141 616 1203 sicut
639 1142 738 1204 civilis
764 1142 957 1222 respublica,
979 1147 1089 1206 tamen

156 1239 264 1319 utique
277 1239 347 1318 pari
368 1238 461 1299 modo
481 1235 660 1298 necessaria
681 1240 729 1299 est
748 1237 905 1301 bonorum
927 1243 1089 1318 tempora·
1155 1306 1159 1312 ¹

155 1336 232 1396 lium
258 1333 422 1415 acquisitio
435 1336 480 1394 'ut
502 1332 606 1394 valeat
626 1332 806 1394 subsistere.
831 1335 910 1394 Nam
936 1351 987 1394 res
1009 1335 1087 1413 ipsae

155 1449 226 1511 qua
247 1431 394 1492 dicamur
412 1427 600 1509 spirituales,
621 1428 848 1508 temporalibus
868 1428 1012 1510 indigent
1029 1428 1088 1490 ad-

153 1525 319 1589 minuculis
332 1524 557 1600 utsubsistent.
574 1523 664 1586 Unde
675 1523 866 1605 eodemjure
878 1543 939 1605 quo
951 1523 1084 1585 dicimus
1190 1533 1204 1560 ⁰

153 1621 277 1682 civilem
303 1619 530 1700 rempublicam
553 1619 692 1700 gaudere
719 1622 875 1699 potestate
898 1619 1085 1701 acquirendi

153 1716 238 1777 bona
250 1715 447 1796 temporalia,
463 1715 582 1796 gaudet
596 1718 627 1776 et
640 1714 789 1776 Ecclesia.

193 1813 232 1874 Et
245 1811 336 1872 sicuti
350 1809 531 1890 hujusmodi
544 1809 676 1872 facultas
691 1811 830 1872 nuscitur
846 1808 987 1873 societati
1001 1810 1084 1871 civili

154 1925 192 1967 ex
202 1905 269 1986 ipso
277 1905 349 1986 jure
360 1909 491 1984 natura,
504 1905 606 1985 posita
615 1905 714 1968 civilis
724 1906 880 1969 societatis
890 1905 1084 1968 institutione

152 2004 288 2065 naturali
298 2004 373 2083 (non
383 2006 489 2082 posset
499 2003 583 2064 enim
598 2004 665 2064 sine
679 2002 790 2064 mediis
801 2003 897 2074 finem
907 2000 1081 2082 consequi),

152 2100 220 2178 pari
240 2101 334 2162 modo
353 2101 455 2180 posita
473 2099 704 2180 supernaturali
726 2100 873 2161 Ecclesia
887 2099 1083 2161 inst'tutione

152 2196 184 2254 et
198 2194 299 2272 posita
312 2194 368 2256 tali
380 2194 575 2256 institutione
589 2197 624 2256 ut
638 2191 749 2253 mediis
763 2191 988 2272 temporalibus
1002 2189 1083 2252 indi-

151 2295 226 2367 geat
238 2306 295 2368 pro
311 2290 358 2351 sui
379 2289 627 2365 conservatione,
648 2289 748 2350 oritur
761 2287 843 2369 juris
861 2286 1011 2352 naturalis
1034 2285 1083 2347 fa·

151 2384 251 2448 cultas
265 2386 449 2466 acquirendi
461 2387 545 2448 bona
558 2385 755 2463 temporalia.
884 2445 886 2450 ,

503 2563 668 2612 samonaos
689 2564 725 2610 11.

212 2680 256 2742 Ile
268 2681 360 2742 mace
373 2681 477 2762 quibas
490 2681 624 2744 Ecclesia
638 2679 766 2763 acquirit
779 2698 825 2742 res
839 2679 1018 2761 temporales.

188 2831 225 2894 ΙΙ.
242 2828 380 2908 Duplicis
394 2830 519 2909 generis
532 2831 619 2893 modi
631 2831 692 2892 bac
709 2831 742 2892 in
763 2849 797 2893 re
817 2837 948 2910 possunt
970 2849 1077 2894 recen-

147 2926 236 2987 seri:
263 2924 409 3004 videlicet
428 2925 514 2988 modi
537 2924 697 3007 originarii
718 2931 749 2990 et
771 2927 933 3006 primitivi,
963 2929 1076 3008 quibus

145 3021 290 3100 primitus
318 3022 564 3086 ecclesiasticum
590 3023 748 3103 peculium
771 3025 970 3087 efformatum
993 3028 1041 3086 est
1059 3045 1072 3098 ,τ

146 3119 231 3178 modi
246 3118 420 3196 derivativi,
434 3121 547 3200 quibus
562 3119 601 3182 de
611 3120 838 3199 peculiosemel
853 3122 1017 3202 acquisito,
1035 3121 1075 3183 de

145 3229 179 3271 ro
207 3213 267 3274 sibi
292 3216 461 3293 acquisita,
491 3217 684 3295 comparavit
710 3216 770 3277 sibi
797 3216 938 3278 Ecclesia
960 3220 1075 3279 caetera

143 3301 227 3364 bona
240 3306 425 3386 temporalia
444 3308 557 3386 quibus
578 3307 750 3389 indigebat,
775 3309 826 3370 vel
847 3327 917 3388 quae
939 3309 993 3369 fini
1014 3325 1073 3369 suc

144 3400 267 3473 putavit
280 3419 348 3462 esse
362 3405 550 3481 opportuna.

181 3489 280 3570 Hujus
294 3496 422 3554 secundi
436 3497 563 3574 generis
577 3497 663 3559 modi
676 3516 739 3559 non
758 3500 894 3561 offerunt
913 3498 989 3577 quid
1007 3497 1074 3559 sin-
