2504 4024
163 285 219 346 166
369 295 598 341 rusurrurrouas
619 295 701 340 roais
724 295 879 342 cenorum.

202 439 364 519 Proposita
384 443 432 501 ast
454 438 584 520 quaestio
608 437 786 500 Alexandro
809 440 850 500 lll
875 439 928 519 qui
952 457 1025 502 oum
1048 442 1094 504 vi-

162 535 280 597 disset:
976 545 979 550 '

203 633 233 691 l⁰
248 632 374 693 Nullum
389 625 529 693 futurum
543 630 637 690 fuisse
651 629 772 692 tristem
787 631 905 693 exitum
919 631 1013 711 hujus
1027 651 1095 694 ma·

161 727 318 802 trimonii3
342 745 475 807 sponsus
495 726 628 787 enimin
648 744 796 805 sponsam
816 728 934 788 nullam
955 727 1095 791 habebat

161 826 358 885 aversionem
373 825 423 884 vel
438 823 556 900 odium,
572 822 628 882 sed
643 823 745 883 solum
763 841 801 884 ex
818 823 975 885 velleitate
994 827 1026 885 et
1043 843 1092 886 re-

161 919 302 980 verentia
314 920 446 996 paterna
460 915 607 976 resedere
622 915 748 978 volebat
761 934 781 977 a
794 917 1009 997 sponsalibus3

200 1018 232 1074 2⁰
248 1013 382 1076 Videbat
396 1032 434 1073 ex
449 1015 508 1072 hoo
522 1011 667 1092 conjugio
682 1013 854 1073 maximum
868 1013 987 1074 bouum
1000 1032 1092 1075 seeu-

160 1115 276 1186 turum,
292 1109 439 1170 videlieet
457 1126 568 1188 paoem
589 1107 754 1170 interduo
775 1127 885 1190 regna,
910 1128 980 1190 quae
1001 1129 1094 1172 seous

161 1206 315 1267 continuis
329 1205 419 1266 bellis
434 1223 502 1266 sese
517 1205 737 1278 divexassent;'

200 1305 231 1362 30
247 1300 466 1380 Perpendebat
484 1299 654 1360 maximam
670 1298 877 1379 jurisjurandi
894 1300 1090 1379 religionem,

161 1415 326 1476 quaeum
351 1397 495 1458 omnibus
519 1395 731 1456 eontraotibus
754 1413 810 1456 suo
833 1399 974 1474 tempore
1002 1415 1094 1458 aeeo-

160 1495 260 1570 deret,
272 1492 447 1555 habebatur
454 1491 705 1554 velutvineulum
713 1492 853 1552 omnium
864 1492 1093 1572 obligationum

160 1589 339 1663 moralium,
357 1592 388 1648 et
402 1605 474 1648 eum
489 1587 612 1666 urgenti
628 1587 776 1649 seandalo
790 1589 956 1649 amborum
975 1605 1094 1667 regno-

160 1698 241 1760 rum,
258 1701 314 1742 seu
333 1682 466 1743 duarum
485 1683 647 1744 nationum
667 1684 868 1747 observatum
887 1702 949 1745 non
968 1683 1091 1760 fuisset,

159 1777 232 1837 lieet
246 1777 379 1838 solemni
392 1778 627 1856 quodammodo
642 1780 816 1852 llrmatum3

197 1877 229 1933 4⁰
244 1872 445 1953 Agnosoebat
465 1875 618 1952 optimum
640 1876 786 1938 effoetum
806 1881 838 1936 et
855 1877 1092 1938 venerationem

158 1969 375 2030 ecelesiastiois
389 1971 528 2030 censuris
542 1989 599 2032 suo
614 1975 755 2050 tempore
770 1972 957 2051 praelitam

197 2066 287 2126 Hisce
303 2067 448 2127 omnibus
462 2068 624 2147 perpensis
643 2069 854 2148 respondebat
876 2089 883 2130 ε
907 2071 986 2142 Quia
1006 2073 1094 2150 peri-

157 2162 299 2222 eulosum
318 2165 364 2222 ost
383 2166 493 2226 eontra
513 2179 605 2224 suum
622 2163 837 2243 juramentum
857 2167 975 2243 venire,
999 2184 1091 2228 man-

157 2258 268 2320 damus
282 2261 317 2319 ut
330 2278 403 2320 eum
420 2278 560 2336 moneas,
577 2266 609 2321 et
622 2261 649 2320 si
661 2261 788 2323 monitis
803 2281 865 2323 non
884 2263 1089 2343 acquieverit,

157 2356 295 2417 sensuris
321 2356 490 2435 eompellas
514 2357 583 2436 (nee
602 2357 703 2416 solum
723 2375 857 2419 sensura
878 2362 1092 2420 exeommuni-

156 2453 298 2529 oationis,
314 2454 370 2512 sed
385 2458 417 2514 et
430 2453 587 2515 interdicti
603 2453 635 2513 in
650 2453 796 2515 universo
810 2455 935 2535 regno).

196 2549 259 2610 Sed
278 2548 431 2628 quidquid
446 2551 486 2611 sit
501 2551 540 2611 de
560 2552 619 2612 hae
638 2552 821 2631 quaestione,
844 2570 952 2613 omnes
972 2571 1090 2616 eonve-

156 2642 245 2702 niunt
259 2649 294 2702 ut
308 2642 414 2704 dioant
428 2647 552 2706 nonnisi
565 2665 689 2707 summa
701 2649 876 2726 prudentiae
887 2650 927 2709 ad
938 2667 1089 2710 censuras

154 2738 340 2818 infligendas
355 2739 546 2801 veniendum
560 2761 627 2804 esse
642 2744 702 2804 hae
716 2745 747 2804 in
763 2761 874 2822 eausa,
891 2765 931 2806 ne
945 2751 1000 2808 aut
1013 2765 1090 2808 oen-

155 2853 229 2896 sura
257 2839 489 2914 contemnatur,
519 2843 573 2900 aut
602 2841 789 2902 damnosum
816 2845 848 2904 at
875 2841 1088 2921 periculosum

154 2932 388 2994 matrimonium
422 2938 587 3016 sequatur3
626 2941 794 3018 utrumque
821 2941 939 3001 malum
966 2940 1088 3019 gravis-

154 3029 271 3091 simum
285 3031 375 3094 foret.

377 3194 488 3246 Quomodo
500 3195 596 3240 solvatur
608 3194 713 3250 obligatio
723 3195 872 3252 sponsalium?

194 3299 282 3378 XXI}
304 3298 354 3380 Ad
377 3321 638 3411 quatuoreapita
661 3329 794 3401 possunt
817 3325 957 3384 revoeari
983 3343 1087 3388 eausae

154 3407 315 3468 solutionis
331 3414 545 3488 sponsalium:
571 3417 600 3475 l⁰
624 3416 748 3476 Mutuus
771 3415 947 3490 dissensus3
972 3421 1004 3477 2⁰
1024 3421 1089 3479 lm-

94 3522 96 3528 ’
153 3503 367 3581 pedimentum
381 3512 622 3587 superveniens;
639 3515 671 3572 30
684 3512 897 3574 substantialis
908 3514 1089 3578 immutatio
