2548 4020
155 262 214 324 238
363 272 592 321 rusrrrurronrs
613 273 695 320 rcnrs
717 271 872 318 cunonrcr.

155 431 295 506 tempore
311 441 373 504 quo
386 422 610 495 instituuntur;
628 424 660 482 3·
674 437 731 499 pro
752 419 894 501 subjecto
916 419 967 481 cui
987 421 1089 500 appli-

155 526 286 594 cantur3
303 525 335 582 ι0
350 538 407 599 pro
421 519 484 580 line
505 517 546 578 ad
571 535 666 597 quem
688 517 830 597 proxime
853 518 885 577 ει
904 515 1088 578 immediate

155 620 344 700 diriguntur.

196 724 226 780 l⁰
250 718 376 780 Materia
396 718 665 778 sacramentorum
686 713 861 793 generatim
886 711 1018 775 dicendo
1040 718 1090 776 est

156 813 272 894 duplex
290 832 296 872 :
314 815 369 873 aut
383 829 466 891 aqua
480 811 536 876 aut
550 808 664 871 oleum.
682 809 785 881 Quare
799 825 890 886 aquae
908 806 1087 870 benedictio

156 912 187 971 et
201 923 362 969 sacrorum
377 906 518 967 oleorum
532 903 727 968 consecratio
742 907 873 982 possunt
892 902 1087 964 considerari

155 1008 306 1081 tauquam
321 1000 384 1062 duo
404 999 645 1060 sacramentalia
662 997 849 1078 principalia
867 1013 938 1077 quae
958 1000 1089 1060 caetero·

155 1096 381 1161 rumcmnium
395 1095 594 1171 sortiuntur,
617 1101 773 1174 quatenus
794 1100 910 1155 caetera
929 1094 980 1156 vel
1003 1111 1089 1174 aqua

155 1193 336 1273 aspersione
350 1191 400 1254 vel
415 1191 496 1252 sacri
510 1190 571 1252 clei
585 1190 732 1254 unctione
753 1190 981 1264 conficiuntnr3
1002 1190 1088 1252 ideo·

156 1307 218 1370 que
231 1289 282 1350 rel
298 1287 501 1350 benedictiones
510 1288 561 1349 vel
575 1285 798 1349 commotiones
811 1289 976 1348 vocantur.

196 1383 294 1444 Sacra
312 1384 417 1443 autem
441 1381 512 1442 olea
533 1380 594 1442 tria
617 1384 691 1442 sunt
716 1399 723 1440 ε
749 1379 854 1442 oleum
876 1379 1085 1458 infirmorum,

155 1478 261 1539 oleum
286 1478 584 1540 catechumenorum
615 1481 646 1539 ει
678 1493 803 1537 sacrum
835 1475 983 1538 chrisma.
1018 1478 1086 1538 Duo

155 1573 258 1651 prima
279 1572 419 1652 simplice
441 1572 531 1648 oleo,
551 1573 678 1634 tertium
698 1571 767 1633 oleo
787 1571 925 1632 admixto
943 1571 1087 1634 balsamo

156 1674 188 1730 ει
201 1669 270 1731 aliis
284 1669 478 1748 simplicibus
492 1668 657 1732 odoriferis
671 1667 891 1732 conficiuntur.
907 1669 953 1730 lix
967 1669 1016 1729 his
1030 1687 1089 1731 uo-

155 1765 249 1826 hilius
263 1769 312 1827 est
332 1765 481 1841 chrisma,
506 1765 572 1828 sive
594 1767 669 1845 quie
689 1765 847 1828 Christum
867 1771 1084 1845 repraesentat,

155 1862 220 1923 sive
230 1861 305 1940 quia
317 1879 355 1922 ea
364 1861 742 1941 materiaabantiquitate
750 1861 783 1922 in
794 1880 851 1922 usu
863 1865 985 1924 estium
994 1862 1027 1922 in
1038 1881 1087 1923 sa·

155 1960 317 2019 eramento
333 1956 589 2034 confirmationis,
605 1960 673 2018 tum
694 1956 725 2016 in
748 1956 980 2018 consecratione
1004 1957 1088 2036 epis-

155 2066 318 2128 coporum,
345 2067 415 2128 quae
436 2053 509 2111 sunt
530 2049 649 2110 ordinis
674 2049 871 2129 episcopalis.
892 2051 938 2111 lla
957 2052 1088 2128 propter

154 2161 245 2223 aquae
272 2143 450 2206 benedictio
474 2143 591 2204 ordinis
614 2142 838 2222 presbyteralis
862 2147 909 2206 est
934 2144 1084 2223 propria,

155 2256 218 2299 non
232 2255 322 2298 secus
338 2255 375 2299 ec
390 2255 481 2317 aquae
496 2237 686 2298 elementum
701 2239 747 2299 est
766 2237 898 2298 materia
916 2236 1087 2315 baptisma-

153 2329 194 2390 tis
207 2329 292 2408 quod
308 2348 328 2389 a
344 2329 537 2408 presbyteris
558 2327 630 2408 jure
654 2327 812 2392 ordinario
834 2328 1082 2391 administratur.

154 2427 269 2488 Contra
283 2444 358 2487 vero
372 2426 432 2488 olei
448 2425 642 2488 consecratio
657 2429 705 2487 est
723 2425 840 2487 functio
863 2426 981 2486 ordinis
1005 2427 1085 2504 cpis-

154 2523 271 2600 copalis
286 2541 356 2601 quse
372 2523 540 2602 quotannis
554 2523 633 2584 feria
646 2525 686 2586 V·
699 2522 733 2582 in
752 2541 843 2584 coena
861 2523 996 2599 Domini,
1020 2527 1081 2586 etc.

193 2620 225 2676 2⁰
246 2617 356 2686 Quoad
380 2627 491 2698 tempus
513 2637 575 2699 quo
600 2619 818 2696 conficiuntur,
841 2619 904 2680 alia
920 2625 994 2680 sunt
1012 2637 1084 2700 qnae

153 2711 344 2792 conjunctim
358 2731 431 2774 curn
445 2717 650 2779 sacramentis
664 2716 776 2779 conosi
791 2715 908 2790 solent;
927 2716 989 2778 alia
1007 2735 1084 2778 vero

154 2830 224 2893 quus
239 2817 328 2874 extra
342 2816 611 2876 sacramentorum
624 2815 833 2876 ministerium
847 2819 1013 2894 vagantur.

193 2909 289 2971 Primi
303 2909 428 2990 generis
442 2913 515 2972 sunt
529 2912 635 2973 omnia
649 2912 762 2991 quibus
782 2911 880 2975 utitur
897 2911 1038 2973 Ecclesia
1050 2912 1085 2974 in

153 3009 222 3087 ipsa
235 3010 504 3069 sacramentorum
518 3007 709 3070 collatione:
730 3029 761 3070 v.
782 3029 814 3089 g.
838 3008 1002 3072 unctiones
1022 3009 1084 3070 olei

153 3106 451 3167 catechumenorum
473 3109 503 3167 et
524 3105 701 3168 chrismatis
721 3125 792 3186 quae
813 3107 892 3168 frunt
912 3106 945 3167 in
966 3105 1084 3186 baptis-

153 3208 249 3274 mate,
264 3201 395 3263 fortasse
411 3200 516 3262 unctio
531 3201 707 3262 chrismatis
726 3202 758 3261 in
780 3203 1028 3277 confirmatione,
1052 3203 1085 3262 in

154 3295 262 3357 ordine
277 3297 546 3376 presbyterorum,
563 3315 634 3376 quae
652 3297 759 3360 omnia
775 3299 922 3360 Ecclesiae
940 3298 1010 3378 lege
1029 3315 1086 3376 pe-

153 3399 317 3471 raguntur,
338 3395 393 3454 sed
414 3394 455 3454 ad
476 3401 746 3461 sacramentorum
767 3397 935 3462 essentiam
956 3416 1020 3460 uun
1040 3399 1085 3459 vi·

153 3489 268 3551 dentur
281 3491 450 3566 pertinere.
