2504 4024
365 283 405 330 uu
427 283 555 334 uernum
575 285 657 332 rums
678 285 833 334 canumet
1004 279 1059 340 tlt

132 429 327 507 prohibuisse
347 425 542 504 exercitium,
561 427 618 488 sad
636 427 787 490 mansisse
802 430 865 509 jus,
886 431 1062 510 quodlicet

131 523 307 586 executioni
321 522 465 584 mundari
480 539 543 584 non
562 523 713 600 potuisset
731 529 874 601 respectu
894 527 1062 606 magistra·

131 621 222 676 tuum
243 613 427 691 infidelium,
458 617 609 676 curarunt
631 618 737 676 tamen
764 615 911 678 Ecclesiae
938 621 1059 697 praelati

130 711 308 774 executioni
329 711 480 772 mandare
500 714 646 788 respectu
667 711 807 772 fidelium
830 729 892 791 quo
914 713 982 774 lieri
1005 734 1061 793 po-

130 811 250 872 tuisset.
287 807 338 870 Ad
371 807 404 868 id
437 805 636 886 probandum
672 806 801 872 adducit
837 807 925 870 Pauli
964 811 1061 872 verbu

131 905 157 984 (Ι
177 903 262 978 Tim„
279 903 311 981 v)
336 922 343 963 :
371 923 386 960 u
405 903 567 964 Adversus
586 901 806 981 presbyterum
828 904 1061 968 accusationem

129 1000 194 1062 nuli
206 999 348 1078 recipere
363 997 422 1057 nisi
437 997 495 1058 sub
510 997 633 1058 duobus
647 997 697 1058 vol
711 996 810 1058 tribus
824 998 967 1085 testibus.
984 1021 999 1056 u

172 1095 232 1157 Sed
246 1096 359 1156 contra
371 1092 466 1154 sentit
478 1092 625 1152 Bellarm.
642 1091 696 1152 lib.
713 1092 780 1154 lde
794 1094 921 1156 Clericis
940 1114 968 1157 c.
991 1099 1030 1158 28
1050 1116 1057 1158 :

134 1211 150 1247 u
164 1193 229 1250 Non
244 1193 319 1250 sunt
332 1187 468 1266 exempti
483 1179 587 1248 clerici
602 1187 642 1248 ab
657 1187 846 1266 obligatione
865 1189 970 1270 legum
984 1190 1061 1252 civi-

128 1285 205 1346 lium
220 1303 291 1364 quae
307 1301 371 1344 non
385 1287 565 1362 repugnant
578 1281 676 1342 sacris
696 1282 868 1343 canonibus
886 1284 936 1344 vel
956 1285 1060 1348 officio

129 1379 303 1440 clericali...
322 1380 402 1440 Nam
416 1377 532 1453 clerici,
545 1379 756 1456 preterquam
766 1377 852 1456 quod
861 1377 965 1438 clerici
975 1385 1058 1454 sunt,

127 1480 201 1537 sunt
214 1475 309 1536 etiam
323 1474 418 1550 cives,
435 1477 466 1536 et
478 1477 584 1553 partes
600 1472 747 1553 quedam
755 1472 936 1550 reipublicae
947 1473 1057 1536 civilis.

127 1569 227 1650 igitur
240 1573 275 1631 ut
288 1569 368 1631 tales
385 1568 499 1630 debent
513 1569 619 1631 vivere
639 1567 782 1630 civilibus
803 1568 963 1649 legibus...
985 1569 1061 1632 alio·

128 1667 204 1744 quin
218 1682 334 1744 magna
354 1664 548 1743 perturbatio
570 1666 602 1725 et
622 1664 763 1725 confusio
784 1663 817 1725 in
838 1665 977 1751 Ecclesia
998 1665 1060 1726 ori-

126 1765 226 1837 retur,
247 1762 274 1822 si
295 1759 400 1822 cleriei
422 1778 485 1821 non
506 1765 671 1822 servarant
690 1759 796 1822 civiles
816 1761 903 1841 leges
923 1761 956 1820 in
977 1778 1060 1822 eom·

126 1857 251 1918 merciis
265 1855 409 1918 civilibus
424 1860 455 1919 et
467 1856 624 1918 humanis.
642 1876 657 1913 u
681 1855 800 1916 Deinde
820 1856 937 1935 allegat
955 1856 1060 1918 varias

115 1953 330 2015 'auctoritates
344 1957 380 2012 ut
393 1951 506 2029 probet
522 1949 637 2013 limites
655 1950 790 2012 duarum
808 1953 997 2028 potestatum
1016 1951 1061 2018 ci·
1082 2021 1091 2046 ·

126 2048 197 2110 vilis
211 2050 243 2109 et
257 2047 487 2122 ecclesiastice,
504 2049 539 2108 ut
552 2047 665 2124 probet
679 2045 808 2108 elericos
827 2051 971 2125 respectu
986 2045 1060 2108 oiri-

124 2146 204 2206 lium
216 2144 323 2224 legum
338 2161 406 2204 esse
421 2142 562 2205 subditos
577 2145 609 2203 et
621 2142 658 2202 iis
679 2160 791 2220 parere
810 2142 964 2204 debere...
987 2143 1060 2204 licet

126 2237 262 2316 explicet
275 2240 413 2298 mentem
427 2253 518 2314 suam
532 2235 665 2296 dicendo
686 2234 877 2314 obligatione
896 2235 1057 2310 directive,

124 2350 190 2394 nun
204 2331 355 2408 coactive,
373 2331 473 2393 teneri
484 2330 615 2392 clericos
625 2330 747 2410 legibus
758 2328 915 2402 civilibus3
927 2328 1059 2406 proinde

124 2428 149 2489 si
165 2427 366 2507 deliquerint,
383 2445 447 2488 non
461 2444 481 2487 a
493 2426 573 2489 laico
584 2427 641 2488 sed
653 2423 864 2486 ecclesiastico
872 2422 979 2503 judice
991 2440 1059 2484 esse

125 2523 313 2603 puniendos.

165 2617 317 2680 Similiter
338 2617 440 2682 Natal.
466 2617 554 2679 Alex.
578 2617 650 2678 hist.
674 2615 758 2678 Eool.
782 2633 854 2680 saeu.
878 2631 918 2678 xv
941 2618 971 2678 et
991 2633 1056 2693 xv1,

125 2735 152 2777 c.
169 2720 188 2776 'l
205 2735 212 2776 :
235 2736 249 2772 u
259 2713 493 2776 Immunitatem
508 2712 752 2776 ecclesiasticam
765 2711 871 2792 quoad
881 2711 1059 2790 spirituales

125 2825 237 2869 causas
251 2809 283 2866 et
297 2823 382 2866 mere
397 2803 623 2868 ecclesiasticas
634 2805 714 2884 juris
730 2805 826 2868 divini
845 2815 916 2868 'esse
938 2806 1056 2880 fateor3

123 2904 181 2965 sed
204 2902 288 2983 quod
311 2905 433 2980 spectat
452 2919 563 2970 causas
583 2889 771 2980 temporales
792 2905 823 2963 et
843 2901 1001 2980 profanas,
1025 2907 1059 2965 ut

124 2998 296 3060 solutiones
311 2996 490 3057 debitorum
504 2999 535 3059 et
554 2996 720 3057 criminum
740 3015 810 3076 quae
830 3015 850 3056 a
867 2995 942 3056 uiris
961 2997 1060 3056 eecle-

123 3093 268 3170 siastiois,
286 3110 347 3153 non
362 3095 517 3172 quatenns
532 3090 648 3168 clerici,
665 3091 721 3154 sed
743 3095 896 3172 quatenus
915 3089 1058 3152 homines

124 3189 198 3248 sunt
224 3185 378 3263 improbi,
408 3185 662 3262 committuntur,
693 3202 802 3246 eorum
829 3184 1059 3248 immunitatem

120 3282 201 3363 juris
216 3281 316 3343 divini
330 3299 397 3343 esse
411 3280 585 3342 concedere
600 3299 662 3340 non
675 3276 815 3360 possum.
832 3302 846 3338 u

164 3377 199 3437 ln
226 3379 316 3439 tanta
338 3394 531 3438 summorum
555 3375 719 3438 hominum
742 3375 903 3436 discordia·
922 3394 984 3438 non
1007 3396 1057 3439 re·

124 3473 233 3534 censui
248 3474 309 3535 huc
323 3469 522 3554 priuilegium
536 3472 617 3534 inter
631 3489 669 3535 aa
683 3489 753 3551 quae
769 3470 849 3552 juris
867 3471 964 3535 divini
984 3475 1058 3534 sunt
