2530 4016
194 311 251 370 294
401 312 631 362 msmuomonus
652 310 735 357 sums
756 308 912 356 cenorum.

194 466 281 531 initio
295 464 405 526 fideles
419 461 576 523 honorum
589 457 724 537 pretium
739 455 888 534 apostolis
901 454 1076 516 offerebant
1090 457 1127 518 ul

195 562 271 623 illud
296 561 379 621 inter
398 574 553 637 pauperes
577 553 817 626 distribuerent;
849 554 881 613 et
903 550 1019 612 scimus
1041 551 1127 629 quod

195 653 318 716 occasio
338 651 475 730 eligendi
498 649 646 710 diaconos
667 646 760 708 fuerit
781 664 820 707 ne
844 644 1072 724 dispicerentur
1093 646 1128 706 in

196 750 367 814 ministerio
383 746 564 828 quotidiano
579 743 681 807 viduae
694 746 883 806 Graeoorum.

175 897 179 904 .
224 850 390 910 *successu
403 846 593 923 temporum,
620 842 715 903 etiam
735 841 793 901 sub
815 857 913 919 epona
935 841 1130 918 perseeutio-

197 960 288 1018 num,
318 939 456 1020 episcopi
485 956 647 1018 nunqnem
671 937 857 998 destiterunt
879 940 915 998 nt
936 955 994 1015 pen
1015 953 1130 997 manus

198 1041 403 1103 diaconorum
425 1037 548 1114 pentem
572 1033 767 1095 oblationum
797 1035 829 1094 in
855 1051 930 1095 usus
954 1051 1132 1112 pauperum

197 1135 427 1198 conveiterent.
445 1131 517 1194 voa
532 1132 565 1193 S.
581 1129 741 1192 Laurentii
755 1129 903 1209 martyris
915 1129 1072 1191 invictum
1086 1131 1132 1190 rei

198 1229 455 1309 detexemplum.
656 1215 661 1222 ⁴

143 1331 149 1340 '
239 1327 302 1390 Sed
322 1325 447 1388 reddite
465 1322 612 1386 Eoolesiae
633 1339 714 1401 poce
731 1324 791 1385 hoc
809 1323 969 1384 charitatis
991 1321 1134 1383 studium

200 1424 285 1505 qnod
299 1441 424 1502 semper
438 1420 559 1483 efforuit
571 1421 604 1480 in
618 1419 769 1496 Ecclesia,
785 1420 817 1480 in
831 1419 1002 1498 peculien'e
1015 1417 1135 1498 prodiit

200 1520 343 1582 institute
369 1537 426 1597 pro
450 1515 599 1598 juvandis
627 1519 658 1577 et
688 1514 900 1578 beneficuudis
927 1513 1132 1594 pauperibus.
1247 1575 1248 1588 χ

200 1614 321 1673 Horum
335 1609 495 1688 praeoipue
509 1609 636 1673 luerunt
653 1628 659 1669 :

241 1708 272 1765 l⁰
286 1705 470 1783 Hospitalis.

240 1803 272 1860 2⁰
286 1799 406 1861 Montes
421 1800 555 1878 pietatis.

552 1965 573 2008 1.
586 1965 617 2009 De
629 1965 780 2022 hospitalibus.

242 2091 293 2150 lll.
311 2091 431 2149 Horum
440 2088 585 2150 indicabo
598 2091 628 2149 l⁰
639 2088 809 2165 notionem,
820 2091 852 2149 2⁰
861 2088 993 2166 species,
1006 2091 1038 2149 3⁰
1047 2088 1137 2169 leges

202 2184 493 2246 administrationis
713 2179 715 2184 ’

244 2281 275 2339 1⁰
293 2278 334 2340 De
348 2279 483 2340 Notiooe.
505 2313 545 2324 -
564 2278 706 2359 Optimus
727 2278 812 2340 visus
832 2283 879 2342 est
897 2279 1010 2341 modus
1033 2280 1138 2359 provi-

206 2374 301 2437 dendi
328 2374 482 2436 stabiliter
509 2374 689 2454 indigentiis
713 2393 910 2455 pauperum,
935 2375 1016 2436 siin
1038 2393 1139 2438 unum

206 2469 440 2551 quodammodo
456 2469 623 2550 collegium
637 2470 860 2550 colligarentur
874 2471 958 2551 quod
977 2470 1139 2532 communi

205 2570 300 2629 domo
316 2568 471 2630 adinstar
494 2569 754 2631 communitatum
777 2568 1058 2632 ecclesiasticarum
1078 2588 1140 2649 gu-

204 2664 403 2723 bernaretur.
433 2666 551 2725 Domus
579 2664 620 2724 nd
649 2665 732 2725 huno
754 2663 850 2724 finem
874 2668 1023 2727 extruetae
1045 2665 1138 2726 dictae

206 2762 278 2818 sunt
292 2757 460 2836 hospitalia
477 2780 483 2819 :
505 2761 638 2838 proinde
653 2760 815 2844 hospitalis
830 2763 954 2823 nomine
968 2780 1032 2823 non
1046 2761 1139 2823 intel-

204 2854 331 2936 ligimus
358 2853 409 2914 hic
429 2853 520 2934 juxte
548 2857 635 2917 vocis
664 2862 791 2936 etymon
819 2859 923 2920 locum
949 2858 1139 2938 recipiendis

207 2951 382 3030 hospitibus
398 2951 599 3029 destinatum,
617 2953 672 3014 sed
695 2953 806 3015 domus
826 2972 934 3018 omnes
953 2953 1138 3034 colligendis

208 3050 239 3123 et
249 3046 398 3126 juvandis
412 3049 603 3129 pauperibus
618 3050 798 3113 destinates.

248 3145 280 3201 2⁰
294 3139 338 3200 De
351 3141 515 3220 Speciebus.
532 3177 572 3190 -
596 3144 723 3224 Species
745 3143 979 3223 distinguuntur
1001 3143 1067 3204 sive
1087 3161 1136 3204 re·

207 3232 292 3292 tione
308 3235 502 3297 auctoritatis
516 3255 578 3318 qua
594 3237 731 3302 lundotae
746 3240 829 3316 sunt,
847 3239 912 3300 sive
926 3237 1047 3301 ratione
1062 3257 1137 3319 peu·

208 3344 319 3403 perum
334 3329 447 3407 quibus
461 3332 650 3410 recipiendis
664 3333 869 3396 destinentur.
928 3343 930 3346 '

250 3421 320 3482 Alie
334 3425 418 3484 enim
436 3427 655 3490 eeclesiasticae
671 3429 865 3491 auctoritatis
878 3430 1066 3506 interventu,
1090 3430 1140 3492 vel

210 3516 249 3577 de
264 3517 601 3601 hoolesiaejredditibus
618 3524 668 3586 vel
692 3524 731 3586 de
754 3525 822 3588 eliis
845 3525 904 3605 piis
927 3524 1139 3590 oblationibus
