2548 4020
149 299 208 358 230
357 309 688 356 155511551555515515
710 309 863 356 aaronica

148 459 329 523 trimonium
344 459 384 520 511
399 457 630 537 separationem
643 457 728 520 thori
737 461 867 536 propter
876 457 1077 536 adulterium,

148 557 232 618 solus
255 555 296 616 ad
320 554 533 616 accusandum
556 554 746 631 admittitur,
772 554 885 634 conjux
913 555 1076 630 innocens,

149 653 223 734 quia
245 651 339 731 hujus
363 653 496 724 tantum,
521 667 585 712 non
605 655 711 712 autem
732 650 861 712 alterius
882 651 1022 724 interest.
1045 653 1079 716 Si

147 768 223 811 vero
242 752 355 829 agatur
376 746 417 808 ad
438 747 670 826 separationem
689 745 806 808 vinculi
827 746 1076 822 matrimonialis,

148 848 189 908 ob
210 845 304 926 hujus
325 844 444 906 scilicet
465 843 651 920 nullitatem,
672 846 801 922 propter
818 842 1078 922 impedimentum

148 940 427 1020 consanguinitatis
450 958 481 1001 v.
510 959 542 1018 g.
573 939 674 1016 primo
703 939 844 999 omnium
871 939 1080 1001 admittuntur

148 1040 294 1116 parentes
314 1035 355 1095 ed
375 1035 599 1106 accusandum,
621 1041 652 1096 et
670 1035 719 1096 1115
738 1034 955 1097 deficientibus
973 1036 1080 1113 proxi-

147 1136 262 1194 miores
286 1130 522 1212 consanguinei,
552 1147 590 1190 ac
617 1134 688 1209 post
716 1131 773 1191 hos
802 1127 897 1190 etiam
925 1131 1076 1207 extranei,

147 1229 322 1308 praesertim
343 1227 548 1302 maturiores,
574 1229 605 1287 et
623 1226 818 1305 antiquiores
838 1224 975 1298 viciniae;
1000 1230 1032 1288 et
1052 1227 1078 1287 si

146 1323 318 1405 conjugum
332 1326 454 1385 tantum
467 1322 592 1385 intersit
605 1323 721 1399 valere,
738 1323 789 1384 vel
803 1340 865 1385 uon
885 1322 991 1385 valere
1010 1342 1080 1385 ma-

146 1424 340 1501 trimonium,
356 1423 406 1485 vel
421 1422 448 1482 51
461 1422 721 1501 impedimentum
737 1422 786 1499 511,
807 1421 840 1482 15
859 1439 920 1502 quo
941 1440 974 1482 se
992 1422 1078 1502 ipsos

143 1520 256 1601 juvare
279 1519 410 1597 possunt
433 1517 595 1598 conjuges,
618 1517 663 1580 511
683 1520 729 1580 551
749 1517 1010 1596 impedimentum
1031 1537 1080 1578 er-

147 1612 237 1685 roris,
253 1612 445 1690 impotentiae
462 1631 489 1673 v.
507 1631 538 1692 g.
555 1612 613 1674 soli
635 1612 785 1692 conjuges
804 1613 845 1676 ad
864 1615 1078 1678 accusandum

146 1707 363 1784 admittuntur,
388 1725 461 1768 cum
482 1709 514 1768 hi
535 1708 666 1787 possint,
689 1709 717 1769 si
739 1727 802 1772 non
826 1709 925 1772 velint
948 1713 983 1772 51
1004 1729 1080 1772 oon·

143 1802 247 1882 juges,
267 1801 379 1864 saltem
400 1807 434 1864 ut
455 1803 563 1881 frater,
586 1810 618 1865 51
638 1821 727 1867 55151
747 1805 940 1867 cohabitare.
962 1808 1077 1868 Omnes

146 1903 263 1975 autem,
281 1899 334 1978 qui
348 1899 557 1962 admittuntur
570 1901 611 1961 ad
625 1900 850 1978 accusandum,
867 1901 1078 1964 admittuntur

145 1997 239 2060 etiam
253 1997 295 2057 ad
309 1998 543 2059 testificandum
556 2015 624 2077 pro,
641 1999 692 2059 vel
707 2004 817 2059 contra
826 1999 1074 2076 matrimonium,

146 2091 316 2153 dummodo
332 2092 409 2154 alias
423 2095 486 2155 sint
498 2093 605 2155 idonei
618 2097 725 2172 testes,
742 2095 787 2156 ita
799 2100 906 2156 tamen
925 2099 960 2156 51
980 2096 1077 2157 etiam

146 2189 303 2266 parentes,
321 2194 352 2249 et
365 2189 602 2269 consanguinei,
626 2195 700 2266 etc,
721 2190 754 2250 in
773 2209 871 2253 causa
889 2193 1078 2271 consangui-

146 2286 251 2348 nitatis
271 2305 301 2347 v.
325 2305 357 2366 g.
380 2288 540 2350 testificari
560 2289 691 2366 possint,
714 2292 810 2368 prout
827 2289 962 2352 sumitur
982 2292 1077 2353 5115111

146 2401 184 2442 511
198 2397 225 2444 5.
248 2380 367 2442 Videtur
379 2385 408 2460 3,
433 2383 465 2444 h.
489 2388 511 2444 t.
534 2383 619 2464 (cum
637 2385 715 2446 15155
734 2386 910 2464 prasertim
927 2388 1078 2466 genealo-

80 2527 83 2532 .
145 2476 230 2554 giem
244 2493 334 2537 suam
350 2495 440 2540 nosse
450 2479 640 2558 videantur),
654 2479 779 2542 etidem
789 2481 887 2559 possit
896 2501 964 2543 esse
974 2485 1074 2560 155115,

145 2569 199 2648 qui
214 2569 273 2630 fuit
286 2577 460 2650 accusator,
477 2576 532 2636 aut
545 2573 757 2652 denuntiator,
770 2581 864 2654 prout
873 2593 911 2636 ex
920 2577 1016 2639 variis
1023 2577 1077 2658 ju-

144 2667 232 2728 ribus
247 2683 331 2727 5555.
349 2671 399 2746 35,
417 2689 448 2750 q.
463 2675 494 2748 6,
511 2677 608 2750 patet.

185 2762 310 2838 Quinam
323 2773 390 2824 auct
403 2765 566 2846 repellendi
582 2769 622 2830 ab
642 2770 843 2833 accusatione
862 2772 1077 2834 matrimonii?
1144 2805 1146 2808 ·

185 2859 413 2938 Respondetur,
440 2862 548 2940 repelli
574 2864 691 2926 dehent
714 2859 814 2944 primo
836 2867 876 2928 eb
897 2868 1075 2930 accusando

143 2956 390 3033 matrimonium,
420 2958 473 3038 qui
501 2962 631 3038 propter
658 2965 814 3040 questum
842 2965 1076 3026 accusationem

142 3052 309 3128 intentant,
326 3070 353 3113 5.
372 3053 575 3134 significante
589 3056 622 3130 5,
638 3054 669 3114 h.
691 3058 714 3116 1.
737 3071 809 3116 5515
826 3056 897 3118 15115
917 3057 1075 3118 accusatio

144 3165 205 3208 non
226 3148 282 3210 fiat
303 3167 341 3208 ex
361 3150 444 3212 bono
466 3151 544 3227 zelo,
568 3153 599 3212 et
620 3149 843 3212 collusionibus
865 3152 999 3216 obnoxia
1022 3154 1072 3215 sit.

144 3243 289 3304 Secundo
304 3245 414 3323 repelli
429 3245 556 3323 debant,
573 3247 614 3308 ad
628 3248 744 3308 multas
759 3247 886 3310 fraudes
904 3250 1073 3326 cavendas,

143 3333 197 3414 qui
211 3338 352 3413 tempore
367 3341 537 3417 praemissae
552 3341 798 3404 denuntiationis
812 3344 931 3406 scilicet
944 3345 1076 3423 impedi-

142 3430 295 3503 mentum,
310 3434 488 3510 tacuerunt,
506 3436 565 3496 nisi
580 3439 1021 3516 postmodumprobentsuam
1034 3440 1075 3500 de

142 3522 431 3588 denuntiationibus
454 3529 676 3608 ignorantiam,
701 3539 756 3594 aut
779 3533 898 3614 jurent,
928 3535 1013 3614 quod
1040 3536 1074 3596 in
