2504 4024
179 297 236 356 106
383 301 611 352 rasuruuonus
631 301 714 348 rums
736 299 890 346 canorum.

177 451 349 535 grandibus
363 449 452 512 factis
467 467 500 509 se
516 447 677 526 disposuit.
699 447 849 525 Magnum
868 447 984 510 factum
1004 456 1053 510 cst
1072 450 1106 511 in

176 547 316 608 Ecclesia
349 545 563 605 ministrorum
591 539 790 620 inauguratio
823 560 830 600 :
866 542 987 603 occasio
1021 541 1106 602 enim

177 660 300 722 magnae
323 639 464 718 utilitatis
486 637 536 700 vel
559 638 665 716 magni
689 635 867 700 detrimenti
891 655 959 699 esse
988 643 1104 716 potest.

177 737 335 816 Apostolis
344 735 439 815 jussit
453 735 507 811 Sp.
525 735 557 795 S.
575 733 669 812 (Act,
685 732 753 811 run)
772 751 778 792 :
808 753 822 789 u
837 735 1007 812 segregate
1027 735 1107 795 mihi

177 835 308 896 Saulum
322 835 353 891 et
366 829 545 890 Barnabam
558 828 598 888 ad
610 845 688 906 opus
698 827 739 888 ad
749 827 834 906 quod
844 831 999 908 assumpsi
1009 848 1076 891 eos.
1087 852 1101 889 n

176 929 311 992 Ubinam
334 926 449 986 certior
468 922 617 985 vocatio?
639 923 701 984 Sed
721 924 863 1001 Apostoli
876 925 1049 1005 jejunantes
1076 931 1107 989 et

177 1025 302 1084 orantes
324 1022 584 1098 imponentesque
609 1019 653 1079 eis
677 1036 788 1078 manus
811 1018 996 1081 dimiserunt
1020 1021 1102 1083 illos.

176 1120 252 1181 lndc
266 1120 382 1179 statuta
396 1115 523 1176 suntab
537 1114 676 1175 Ecclesia
686 1113 808 1194 jejunia
826 1119 961 1196 quatuor
982 1120 1107 1196 tempo-

176 1231 258 1289 rum,
275 1229 410 1291 quorum
424 1209 588 1272 occasione
602 1209 742 1273 Ecclesia
761 1214 830 1272 orat
851 1212 946 1272 etiam
974 1233 988 1270 c
1011 1215 1046 1274 ut
1064 1215 1105 1274 ab

176 1310 321 1370 omnibus
344 1306 495 1388 gradibus
517 1305 582 1367 D'eo
606 1305 700 1384 digne
720 1309 751 1367 et
768 1305 968 1369 laudabiliter
987 1311 1107 1370 servia-

174 1406 268 1480 tur.»
287 1404 333 1464 lta
347 1405 378 1464 et
392 1399 523 1462 sabbato
538 1399 734 1461 antecedenti
749 1399 940 1463 dominicam
955 1422 1017 1482 qua
1031 1422 1106 1464 con-

175 1503 315 1562 secratur
329 1498 505 1577 episcopus,
521 1512 631 1573 preces
646 1498 678 1557 et
687 1495 845 1575 jejunium
859 1500 1103 1577 praemittuntur.

214 1599 248 1655 2⁰
261 1593 310 1654 Ab
327 1593 465 1671 episcopo.
488 1625 529 1638 -
547 1591 738 1652 Scrutinium
759 1610 767 1652 ε
792 1593 877 1654 Trid.
900 1612 976 1656 sess.
992 1597 1102 1658 XXlll.
1121 1639 1124 1645 -

175 1707 201 1748 c.
219 1703 275 1748 vn.
304 1705 319 1742 u
336 1684 547 1763 Antiquorum
565 1700 722 1744 canonum
744 1685 886 1764 vestigiis
906 1687 1102 1764 inhaerendo‚

174 1778 317 1840 decernit
342 1780 377 1838 ut
404 1771 531 1856 quando
556 1777 722 1856 episcopus
747 1777 976 1840 ordinationem
999 1780 1105 1843 facere

174 1872 373 1954 disposuerit,
390 1889 499 1934 omnes
514 1872 567 1952 qui
582 1872 623 1932 ad
642 1889 767 1934 sacrum
785 1873 994 1937 ministerium
1014 1895 1106 1939 accc-

174 1972 249 2032 dere
264 1969 431 2045 voluerint,
447 1967 526 2029 feria
541 1971 653 2048 quarta
666 1975 739 2031 ante
752 1970 854 2048 ipsam
874 1971 1105 2034 ordinationem

173 2068 223 2129 vel
238 2067 364 2148 quando
379 2065 525 2145 episcopo
541 2064 707 2141 videbitur,
728 2065 769 2126 ad
791 2066 949 2130 civitatem
971 2085 1105 2131 avocen-

173 2169 234 2226 tur.
251 2165 422 2244 Episcopus
436 2165 553 2240 autem,
569 2162 786 2224 sacerdotibus
801 2165 834 2225 et
852 2163 920 2225 aliis
935 2151 1104 2244 ¹prudenti-

172 2262 232 2323 bus
245 2261 321 2322 viris
335 2259 443 2340 peritis
458 2258 571 2320 divinae
585 2257 664 2336 legis
679 2275 716 2318 ao
729 2258 762 2318 in
781 2259 998 2323 ecclesiasticis
1016 2281 1105 2324 sane

172 2355 310 2418 tionibus
325 2354 501 2417 exercitatis
515 2354 573 2415 sibi
584 2353 722 2430 adscitis,
734 2351 980 2418 ordinandorum
989 2376 1102 2437 genua,

173 2466 349 2528 pomonam,
373 2451 510 2523 aetatem,
531 2445 769 2525 institutionem,
791 2466 905 2526 mores,
927 2451 1105 2514 doctrinam

173 2552 204 2606 et
215 2542 312 2606 lidem
326 2544 493 2622 diligenter
506 2543 675 2623 investiget
689 2547 721 2608 et
735 2545 901 2606 examinet.
917 2567 932 2605 r

213 2641 302 2712 Quod
316 2640 342 2700 si
357 2657 460 2700 sermo
474 2639 515 2700 sit
529 2639 567 2699 de
587 2638 758 2718 Majoribus
780 2640 952 2718 ordinibus,
976 2643 1041 2704 sive
1061 2645 1103 2706 ob

172 2735 294 2816 maj0ra
314 2733 488 2795 ministeria
509 2751 579 2812 quae
602 2752 655 2794 eos
676 2739 794 2813 manet,
818 2737 883 2798 sive
899 2738 972 2818 quia
991 2757 1103 2800 eorum

172 2831 368 2909 susceptione
382 2832 482 2891 status
502 2827 673 2909 acquisitus
692 2831 726 2891 in
747 2831 919 2893 minoribus
939 2833 1103 2896 ordinibus

172 2927 272 3008 magis
286 2925 449 3006 magisque
465 2923 631 3002 dirimitur,
649 2928 681 2987 et
695 2926 836 2990 absolute
855 2945 1054 3007 permanens,
1072 2934 1103 2992 et

172 3028 343 3105 perpetuus
358 3023 474 3099 evadit,
489 3021 589 3086 voluit
601 3024 636 3082 ut
649 3027 681 3082 ot
694 3023 955 3101 proclamationes
968 3025 1102 3104 publicar

104 3169 107 3175 ,
170 3123 202 3182 in
216 3122 356 3184 Ecclesia
374 3121 486 3182 fierent
507 3117 546 3179 de
561 3117 688 3179 nomine
703 3121 734 3180 et
748 3119 904 3181 desiderio
924 3137 1033 3180 eorum
1047 3120 1104 3199 qui

171 3219 280 3280 volunt
294 3216 531 3297 promoverint
545 3214 667 3275 meliori
681 3231 742 3294 quo
756 3219 862 3294 posset
875 3215 981 3292 modo,
993 3215 1019 3274 si
1031 3233 1102 3293 quae

171 3311 203 3371 in
218 3312 263 3372 eis
278 3315 361 3373 esset
375 3312 546 3392 indignitas
564 3313 619 3373 aut
637 3311 822 3372 canonicum
841 3309 1102 3389 impedimentum

171 3407 382 3486 detegeretur,
406 3411 438 3470 ct
457 3407 557 3470 voluit
571 3411 606 3468 ut
619 3406 762 3485 specialis
776 3406 935 3486 inquisitio
949 3405 1040 3470 fieret
1061 3405 1101 3468 de

172 3501 418 3564 ordinandorum
445 3501 664 3580 qualitatibus,
688 3505 719 3563 et
739 3499 850 3565 litterae
873 3501 1102 3565 testimoniales
