2476 4022
221 1255 263 1298 DE
287 1254 384 1300 sustu
407 1253 559 1300 uectum
582 1255 614 1300 trt
637 1254 753 1310 onoma

149 1440 172 1501 l.
194 1441 267 1516 Res,
290 1439 322 1501 in
344 1443 497 1518 quantum
517 1440 659 1520 personis
681 1443 883 1520 opponuntur
903 1439 1037 1522 injure,

112 1543 174 1596 seat
192 1535 290 1620 medic
311 1533 414 1616 quibos
435 1534 562 1596 damano
579 1536 699 1596 societas
718 1531 871 1596 ordinatur
889 1537 920 1598 in
937 1537 1039 1618 finem.

113 1632 201 1710 Atqui
215 1631 299 1708 finis,
311 1631 344 1692 iu
358 1649 453 1711 quem
466 1635 639 1712 spontaneo
650 1631 778 1711 quidem
791 1633 847 1694 scd
862 1635 1039 1698 necessario

115 1731 228 1788 naturae
249 1727 398 1788 instinctu
417 1726 557 1803 terimur,
579 1726 710 1788 felicitas
729 1733 837 1790 nostra
855 1731 913 1792 ast.
938 1731 1041 1801 Quare

115 1838 166 1881 res
188 1821 365 1902 generatim
392 1821 453 1882 dici
481 1826 612 1900 possunt
639 1821 744 1883 media
770 1823 875 1884 omnia
902 1841 973 1903 quae
1001 1826 1042 1886 ad

116 1919 251 1978 nostram
266 1916 520 1996 consequendam
534 1916 715 1997 felicitatem
729 1917 924 1980 ordinantur.

152 2012 191 2074 At
210 2011 281 2072 haec
301 2010 433 2074 felicitas
457 2011 580 2073 diverso
608 2012 701 2074 modo
733 2013 982 2092 apprehenditur
1010 2013 1042 2074 in

114 2101 179 2183 jure
192 2103 278 2165 civili
293 2121 330 2164 ac
344 2103 376 2163 in
386 2102 458 2184 jure
469 2103 630 2172 canonico.
643 2105 722 2166 (lum
732 2105 815 2164 anim
824 2103 895 2164 linis
904 2104 936 2164 in
948 2121 1043 2183 quem

118 2198 228 2262 directe
243 2199 346 2260 tendit
359 2198 449 2262 civile
465 2199 665 2277 consortium,
679 2198 811 2259 felicitas
821 2197 914 2276 hujus
926 2205 1044 2278 tempo-

117 2291 155 2355 ris
174 2295 224 2373 sit,
249 2301 358 2356 contra
376 2313 452 2356 vero
471 2294 601 2356 felicitas
619 2295 653 2354 in
668 2311 763 2373 quam
777 2291 878 2354 tendit
891 2294 1042 2372 Ecclesia,

120 2392 229 2451 aeterna
250 2389 411 2451 beatitudo
433 2389 483 2468 sit,
505 2391 580 2451 inde
601 2391 637 2452 fit
657 2394 692 2451 ut
711 2406 818 2450 rerum
837 2387 968 2449 civilium
990 2405 1044 2448 uo-

120 2485 198 2547 tione
221 2486 435 2567 intelligamus
462 2487 558 2548 medio
587 2503 653 2566 qma
676 2484 717 2546 od
744 2472 930 2567 temporalem
958 2483 1046 2564 cujus

120 2581 217 2643 muudi
228 2581 411 2662 felicitatem,
427 2582 555 2645 notione
569 2599 644 2644 vcro
658 2599 766 2643 rorum
779 2579 1044 2658 ecclesiasticorum,

122 2676 207 2738 medio
221 2696 290 2760 qooe
303 2677 343 2738 od
357 2685 499 2740 eternum
512 2678 680 2758 felicitatem
695 2676 950 2758 consequendam
964 2675 1046 2740 ordi·

122 2783 243 2838 uantur.
402 2763 406 2768 ⁵

158 2873 222 2933 Sub
237 2872 298 2934 hac
311 2872 451 2954 generali
465 2891 571 2934 rerum
590 2873 784 2952 acceptione,
801 2871 1048 2950 comprehende·

123 2975 204 3034 retur
222 2973 254 3034 iu
270 2973 342 3055 jure
361 2973 514 3055 quidquid
529 2975 645 3052 praeter
665 2987 816 3050 personas
835 2970 867 3030 in
886 2967 1049 3046 republica

124 3067 334 3144 adinvenitur;
355 3069 462 3150 itaqua
475 3087 526 3130 res
540 3073 572 3131 et
585 3085 727 3148 personae
747 3064 973 3128 constituerent
986 3061 1048 3124 duo

125 3162 173 3224 illa
184 3166 345 3244 generalia
359 3165 488 3245 solaque
504 3164 627 3245 objecta
642 3165 726 3226 circa
746 3179 816 3242 quae
837 3163 1005 3238 utrumque
1019 3160 1051 3220 at

127 3254 301 3323 universum
313 3261 365 3343 jus
379 3266 568 3324 versaretur.
587 3264 704 3324 Verum
717 3262 784 3320 tum
799 3255 897 3316 civilis
915 3260 983 3317 tum
997 3271 1051 3314 oa-

76 3411 81 3418 .
127 3358 225 3420 nonioi
241 3359 322 3440 juris
337 3359 486 3422 consultis
505 3359 623 3437 placuit
641 3356 833 3434 distinguere
849 3351 964 3438 media,
981 3366 1051 3431 quae

128 3455 253 3532 positive
267 3455 415 3518 ordinant
436 3455 618 3518 societatem
635 3453 667 3517 in
686 3454 792 3530 funem,
814 3450 961 3515 amediis
982 3463 1052 3527 quae

214 3582 278 3624 rou.
297 3582 329 3626 ιι.
950 3565 962 3616 t

591 3725 697 3810 aco
