2504 4024
184 253 241 312 150
335 255 339 262 '
393 262 622 310 rnsrrrurrouns
642 263 725 310 runis
746 261 900 308 canonici.

182 408 284 490 gralia
299 407 468 470 accedente
483 412 616 482 naturae,
626 406 783 484 duplicem
798 405 957 466 bominem
972 423 1035 468 non
1050 405 1114 468 dis·

183 505 371 584 tinguimus,
395 521 453 564 nec
474 503 597 563 eumin
620 501 736 581 duplici
758 501 867 563 ordine
892 503 1052 580 ponimus,
1078 507 1115 564 ut

181 600 279 676 possit
300 617 398 660 unum
418 598 468 660 v'el
489 598 622 660 alterum
642 615 779 673 servare,
797 603 828 660 et
849 598 943 658 finem
962 599 1113 678 consequi

177 693 267 772 juxta
281 711 379 755 unum
393 694 442 754 vel
454 693 545 773 juxta
559 693 703 754 alterum.
719 695 766 754 lta
781 693 952 754 homonon
966 692 1113 753 subditur

180 790 298 869 duplici
315 789 389 867 legi,
409 788 465 850 sed
486 789 555 866 ipse
575 788 625 847 lex
646 787 772 849 moralis
790 787 860 866 lege
881 787 1113 866 supernaturali

180 887 292 946 affecta
306 889 363 960 est,
383 883 538 964 siqnidem
553 883 634 944 illius
650 883 826 946 observatio
839 883 879 944 ad
893 883 989 944 finem
1003 901 1112 962 super-

181 985 356 1047 naturalem
368 983 490 1044 directa
505 987 561 1044 est.

219 1079 315 1159 Atqui
333 1078 480 1139 Ecclesia
499 1081 547 1138 est
565 1078 700 1158 dirigere
719 1078 879 1138 hominem
896 1078 937 1139 ad
952 1080 1046 1140 finem
1060 1099 1112 1140 su-

179 1175 424 1254 pernaturalem,
446 1173 696 1252 independenter
716 1191 735 1232 a
752 1177 906 1253 potestate
925 1174 1062 1252 politice,
1079 1181 1112 1238 et

178 1272 286 1332 ordine
301 1272 388 1350 prior
406 1270 536 1332 directio
557 1275 613 1332 est.
634 1271 716 1349 llrgo
738 1268 890 1349 quidquid
912 1270 1047 1349 pertinet
1068 1271 1111 1331 ad

177 1365 381 1428 directionem
396 1364 513 1425 ordinis
527 1364 654 1424 moralis
672 1379 729 1440 pro
748 1363 935 1439 christianis,
952 1363 1110 1424 exclusive

177 1468 208 1522 et
221 1461 470 1540 independenter
483 1460 700 1521 ecclesiasticae
715 1458 902 1538 legislaticni
917 1465 948 1519 et
960 1458 1110 1539 potestati

176 1560 334 1632 subditur;
352 1562 446 1638 atque
461 1560 523 1619 tale
537 1562 585 1619 est
598 1557 844 1619 matrimonium.
860 1559 943 1638 Ergo
962 1577 1025 1638 qna
1039 1576 1111 1618 mc·

175 1655 249 1714 ralis
265 1658 443 1716 contractus
454 1658 511 1728 est,
523 1655 680 1732 integrum
690 1652 907 1714 ecclesiasticae
921 1652 1110 1732 legislationi

176 1749 331 1826 subditur,
348 1752 382 1810 ut
394 1749 477 1809 illins
492 1753 638 1810 naturam
651 1749 760 1809 fideles
774 1749 896 1824 doceat,
913 1747 1110 1810 conditiones

175 1845 362 1906 determinet
389 1849 423 1906 ut
449 1845 532 1905 illius
556 1845 704 1906 honestas
727 1849 880 1922 servetur,
904 1862 962 1905 nec
985 1847 1110 1906 tantum

176 1941 391 2020 prohibituros,
408 1941 464 2002 sad
477 1941 647 2002 irritandas
663 1959 773 2003 causas
793 1960 862 2021 quae
882 1942 922 2002 ad
935 1942 1013 2003 illud
1026 1942 1079 2002 ref
1097 1977 1109 1987 -

173 2041 296 2113 rantur,
310 2036 454 2098 definiat:
468 2039 533 2098 Hoc
548 2056 622 2099 vcro
635 2038 778 2114 observa,
790 2038 985 2116 potissimum
1001 2038 1109 2117 quoad

173 2131 341 2209 vinculum,
359 2133 444 2213 quod
459 2137 506 2195 est
519 2134 588 2194 fons
603 2135 743 2195 omnium
758 2134 986 2213 obligationum
1005 2144 1109 2195 mora-

173 2227 261 2288 lium.

210 2326 241 2384 2⁰
255 2321 413 2402 Quidquid
428 2324 467 2385 sit
481 2322 520 2383 de
539 2323 712 2402 quaestione
732 2342 773 2384 an
792 2323 951 2400 sacerdos,
967 2321 1017 2383 vel
1032 2339 1106 2383 con-

171 2419 330 2481 trahentes
349 2420 411 2480 sint
428 2419 563 2480 ministri
581 2420 768 2480 sacramenti
783 2419 984 2495 matrimonii,
1001 2419 1052 2480 vcl
1072 2425 1106 2483 ut

171 2514 284 2592 aliquis
304 2515 400 2576 sentit
419 2514 595 2594 (ltosmini),
611 2514 759 2576 sacerdos
774 2515 814 2577 sit
830 2515 972 2575 minister
986 2533 1024 2575 cx
1038 2515 1106 2576 offi-

170 2604 229 2674 cio,
246 2604 466 2665 contrahentes
482 2600 570 2666 extra
585 2607 738 2667 ordinem.
757 2606 915 2686 Quidquid
938 2608 977 2668 sit
998 2613 1106 2668 utrum

170 2699 276 2759 omnia
290 2701 416 2760 omnino
437 2702 638 2763 matrimonia
658 2705 898 2766 christianorum
920 2705 981 2767 sint
1001 2723 1106 2766 sacra-

169 2794 286 2866 menta,
302 2792 325 2852 ii
339 2792 423 2852 enim
438 2795 532 2854 etiam
546 2796 599 2873 qui
614 2798 768 2859 sustinent
781 2798 940 2859 ministros
951 2816 1019 2859 esse
1032 2817 1105 2859 con-

88 2957 91 2962 .
168 2886 329 2948 trahentes
349 2887 502 2965 dubitent,
523 2897 629 2950 utrum
650 2892 714 2952 sint
733 2900 931 2954 sacramenta
944 2895 1105 2955 matrimo-

169 2980 221 3040 nia
235 2979 318 3042 facta
336 2999 393 3060 per
411 2987 660 3060 procuratorem,
677 2987 911 3047 matrimonium
928 2986 1104 3047 infidelium

82 3098 84 3102 ⁴
168 3081 239 3154 post
258 3078 495 3139 conversionem
519 3079 612 3138 nnius
633 3081 683 3140 vel
706 3081 886 3162 utriusque,-
903 3083 1104 3144 matrimonia

168 3172 194 3230 si
208 3171 319 3233 fierent
333 3190 404 3232 cum
423 3172 558 3252 positiva
575 3174 749 3236 intentione
769 3193 831 3236 non
851 3176 1040 3256 suscipiendi
1056 3195 1103 3237 sa-

169 3275 376 3331 crementum.

207 3362 366 3442 Quidquid
393 3364 433 3425 sit
461 3365 499 3425 de
528 3367 673 3428 omnihus
697 3367 744 3428 his
770 3369 1101 3451 quaestionibusque,

167 3456 254 3516 salva
276 3458 339 3518 fide
363 3460 540 3537 agitantum
565 3468 687 3523 certum
707 3469 754 3526 est
774 3465 1009 3528 matrimonium
1030 3487 1101 3530 esse
