2476 4022
216 344 219 353 ,
377 314 416 358 ne
438 311 566 358 omncro
586 313 668 358 euers
690 312 843 360 canorucr.
1035 304 1070 362 8l

134 416 239 542 pontio
260 457 386 520 dieitur.
408 457 491 520 Usus
511 455 779 534 indulgentiarum
800 457 859 519 luit
876 463 1023 521 constans
1041 459 1073 520 in

135 555 295 639 Ecclesia,
318 552 376 614 sed
400 556 436 613 ut
455 551 646 613 conveniens
669 557 727 628 est,
751 553 784 613 in
805 553 925 614 ratione
949 555 1075 616 inversa

135 649 400 732 poenitentiarum
416 667 423 710 :
438 666 494 708 seu
513 666 574 727 quo
595 647 702 708 durior
720 647 779 709 fuit
798 646 961 727 disciplina
973 651 1075 727 poeni-

136 746 267 820 tentiae,
305 761 342 806 eo
369 744 473 804 minor
502 741 562 802 fuit
588 741 857 821 indulgentiarum
884 743 1071 819 necessitas,

138 859 240 920 quum
258 838 425 919 disciplina
442 836 590 898 llcolesiae
610 836 730 898 directa
748 838 830 898 esset
847 840 882 898 ut
900 854 956 916 per
976 839 1074 916 poeni·

136 935 252 997 tentiae
275 936 308 996 in
332 935 529 995 sacramento
550 933 743 1012 poenitentiae
764 931 922 1013 injunctas
942 940 1073 1011 peccata

141 1030 237 1093 etiam
261 1029 369 1111 quoad
392 1029 550 1108 integram
572 1044 699 1106 poenam
721 1028 927 1106 temporalem
950 1028 1075 1088 lueren-

142 1128 211 1200 tur;
233 1124 292 1186 sed
312 1121 440 1204 quando
460 1122 560 1184 aetatis
579 1125 677 1184 status
696 1122 767 1183 talis
787 1126 854 1185 erat
867 1129 902 1184 ut
919 1123 1074 1203 gravitate

144 1218 402 1298 poenitentiarum
437 1217 581 1280 homines
609 1235 628 1277 a
655 1217 846 1294 poenitentia
878 1221 1073 1280 sacramento

143 1315 372 1390 averterentur,
391 1330 430 1372 ne
449 1311 621 1390 disciplinae
640 1312 726 1391 rigor
744 1315 827 1373 esset
845 1313 968 1373 occasio
986 1313 1072 1389 mali,

142 1417 216 1474 tuno
230 1429 293 1491 quo
308 1410 455 1473 blandior
471 1409 602 1471 induota
619 1411 667 1470 est
686 1409 849 1489 disciplina
869 1410 1071 1488 poeniteutiae,

143 1527 178 1571 eo
199 1507 305 1588 major
324 1510 471 1585 reoeptus
492 1509 540 1568 est
559 1505 826 1586 indulgentiarum
844 1523 919 1567 usus
937 1512 972 1567 ut
992 1506 1073 1568 illius

141 1602 278 1665 defectui
294 1601 503 1682 suppleretur.
520 1603 556 1662 ln
571 1603 726 1663 vetustate
745 1605 819 1662 sunt
837 1618 910 1661 rara
930 1602 1074 1681 exempla

140 1696 358 1778 indulgentiae,
382 1699 414 1758 ct
433 1713 532 1757 unum
554 1715 621 1776 prae
644 1696 766 1759 catoris
789 1695 906 1758 eminet
922 1696 1072 1758 relaxatio

140 1792 336 1872 poenitentiae
355 1790 521 1854 residualis
539 1792 581 1854 ad
600 1810 710 1872 preces
731 1796 917 1871 martyrum,
936 1810 1006 1872 quae
1024 1811 1074 1854 so·
1168 1832 1171 1838 ,

141 1885 301 1948 cernenda
317 1891 365 1946 est
380 1904 399 1946 a
413 1903 491 1965 paee
506 1903 576 1966 qnae
595 1886 730 1949 instante
748 1889 848 1948 morte
862 1886 913 1947 vel
926 1904 1073 1966 porsecu-

139 1983 225 2046 tione
250 1982 406 2056 dabatur3
437 1981 469 2042 hi
494 1981 578 2042 enim
605 1981 649 2043 sie
671 1981 904 2060 reconciliandi,
931 1985 1072 2043 cessante

139 2074 293 2154 periculo,
308 2068 424 2135 iterum
437 2072 630 2152 poenitentiae
645 2075 912 2153 supponebantur.

179 2169 245 2233 Sed
268 2169 373 2230 medio
396 2183 468 2231 aevo*
489 2169 663 2230 collabente
687 2169 872 2249 poenitentia
895 2169 1074 2246 percrebuit

140 2259 410 2342 indulgentiarum
433 2279 525 2338 neus,
559 2269 590 2322 et
618 2262 756 2339 collapsa
781 2261 882 2340 magis
909 2262 1072 2343 magisque

140 2366 252 2420 auctus
268 2359 324 2418 est.
342 2359 389 2417 llx
407 2357 519 2418 eadem
537 2357 689 2418 varietate
709 2355 881 2434 disciplina
896 2355 1074 2418 factumest

140 2457 173 2516 ut
195 2471 295 2533 quum
314 2452 436 2532 vigeret
456 2452 581 2531 publica
594 2451 789 2533 poenitentia,
806 2451 838 2512 iu
858 2451 1000 2532 ejusdem
1013 2453 1074 2512 im-

140 2543 315 2605 minutione
335 2543 521 2621 poenitentia
542 2545 727 2606 consisteret
750 2565 756 2606 :
781 2564 818 2607 ea
842 2547 1016 2609 collabente
1040 2547 1072 2608 in

140 2639 284 2718 ejusdem
298 2637 514 2716 redemptione
528 2639 596 2701 aliis
610 2640 669 2720 piis
685 2642 843 2720 operibus,
856 2660 904 2703 ex.
917 2661 979 2723 gn,
992 2645 1071 2704 elee-

139 2732 281 2811 mosynis
296 2733 413 2812 quaein
428 2750 604 2813 pauperum
614 2735 798 2814 subsidium,
811 2755 867 2816 pro
879 2739 1071 2806 aedificandis

140 2835 171 2890 et
189 2828 378 2909 reparandis
400 2828 550 2907 ecelesiis,
573 2831 855 2908 convertebantur3
879 2854 936 2914 pro
957 2837 1072 2897 libera-

140 2923 224 2984 tione
247 2925 339 2986 terrae
358 2927 486 3002 sancta,
504 2924 581 2986 item
600 2927 850 3005 expeditionibus
872 2933 982 2991 contra
1002 2931 1072 2990 iufi-

140 3018 226 3079 deles
250 3036 308 3096 pro
335 3018 425 3080 bellis
453 3021 550 3082 sacris
576 3041 583 3082 :
612 3023 751 3102 collapsa
773 3030 879 3086 antem
907 3024 1072 3104 discipline

140 3116 325 3176 manserunt
343 3114 485 3178 formulae
504 3122 627 3178 veteres
642 3136 711 3198 quae
731 3137 765 3181 se
784 3119 925 3181 referunt
942 3120 983 3181 ad
1004 3137 1072 3199 sys

140 3209 224 3268 teme
242 3205 518 3286 poenitentialem
538 3209 652 3290 quibus
670 3211 706 3272 fit
725 3210 842 3271 mentio
861 3208 998 3289 plurium
1016 3230 1072 3273 an-

140 3321 264 3381 norum,
283 3303 416 3380 dierum,
434 3305 721 3386 quadragenarum,
738 3304 794 3366 sed
811 3322 922 3384 reapse
938 3325 999 3368 nou
1013 3308 1073 3369 mi-

140 3403 240 3462 nuunt
253 3399 472 3480 poeniteutiam
487 3401 673 3465 canonicam
692 3400 762 3481 quae'
785 3401 920 3480 amplius
941 3421 1004 3464 nou
1025 3408 1073 3464 eet

139 3495 170 3554 in
180 3515 250 3574 usu,
263 3502 296 3558 et
310 3496 463 3576 abrogata
478 3500 535 3575 est,
548 3497 604 3558 sed
618 3496 766 3578 supplent
779 3496 861 3559 illius
876 3498 1013 3566 delectui
1026 3497 1071 3557 in-

935 3595 965 3650 54
