2530 4016
191 267 248 332 beu
402 275 630 325 uusmrnmouss
651 275 734 322 sums
755 273 910 321 osuomm.

231 427 262 486 3⁰
278 423 374 488 Certis
388 420 550 484 redditibus
570 423 626 482 sul
644 437 682 481 ex
700 417 805 480 fundis
825 415 989 480 sbubilibus
1007 420 1064 479 out
1085 434 1125 480 ex

192 519 350 584 consuetis
365 516 572 596 eleemosynis
595 533 665 596 quoe
685 514 842 578 sufficient
860 516 895 576 ul
915 512 1026 575 saltem
1045 512 1128 575 duo-

191 616 296 678 decim
322 614 482 695 regulares
504 612 537 674 in
559 612 598 674 iis
624 611 730 674 vivere
752 615 784 671 et
811 607 908 671 eliel
935 609 1126 670 oommorori

192 711 324 791 possint.

232 809 306 869 Haee
321 805 427 868 omnin
440 806 511 887 plus
525 805 629 867 minus
644 806 811 866 serventur
829 802 862 862 in
882 801 1040 864 erectione
1060 817 1127 862 mo·

193 902 403 966 nasteriorum
430 900 625 979 monielium‚
651 918 723 962 eum
750 899 857 961 addito
882 899 967 979 quod
990 897 1129 959 debeant

193 999 293 1062 extrui
312 999 344 1058 in
359 997 490 1059 urbibus
513 997 563 1059 vel
582 996 704 1076 oppidis
725 993 991 1074 frequentioribus
1009 1011 1050 1054 ns
1070 1011 1129 1073 pe-

194 1098 281 1157 leont
293 1093 448 1155 melorum
462 1091 627 1154 hominum
640 1089 883 1152 incursionibus.

494 1220 543 1269 111.
556 1224 599 1268 lior
611 1235 655 1279 quo
665 1223 825 1268 custodiuntur.

234 1325 285 1388 IV.
303 1325 456 1386 Glousure
470 1324 517 1384 est
531 1339 595 1402 que
613 1320 799 1400 prohibetur
818 1321 946 1382 omnino
967 1321 1129 1403 ingressus

193 1422 362 1483 mulierum
370 1421 403 1481 in
414 1418 605 1482 monasteris
615 1419 766 1498 virorum,
777 1421 808 1480 el
816 1418 978 1499 ingressus
987 1418 1129 1480 virorum

195 1524 228 1578 et
240 1517 441 1578 foeminerum
463 1513 603 1595 oujusvis
624 1513 749 1592 generis
763 1516 795 1575 el
815 1514 915 1577 aetatis
932 1514 965 1575 in
985 1513 1040 1574 ille
1063 1531 1129 1574 mo-

194 1610 334 1686 melium,
346 1608 533 1688 illarumque
549 1625 711 1688 egressum
726 1627 743 1669 e
758 1607 822 1669 suis
836 1609 1045 1671 monasteriis.

233 1707 308 1767 Heee
323 1705 475 1766 eleusuree
490 1705 540 1764 lex
549 1704 582 1763 in
591 1705 629 1764 iis
643 1704 839 1765 monasteriis
850 1703 903 1766 ubi
914 1705 1009 1784 viget,
1022 1703 1129 1765 looum

193 1803 296 1882 ipsum
316 1799 512 1861 materialem
530 1800 627 1862 effioil
647 1801 740 1862 itaut
760 1800 827 1879 ipse
846 1800 934 1862 loeus
952 1801 1128 1879 perietibus

195 1896 333 1960 inolusus
350 1899 481 1958 vooelur
503 1896 661 1959 oleusure.
685 1895 743 1957 Hie
766 1896 853 1957 loous
875 1895 908 1956 in
930 1895 1129 1958 monasteriis

195 1995 335 2056 virorum
350 1991 589 2070 comprehendit
603 1992 697 2054 etiem
710 1992 849 2071 primum
862 1992 1032 2056 claustrum
1043 1991 1129 2071 quod

195 2090 283 2152 duoit
296 2091 336 2151 ad
350 2090 481 2151 interius
495 2088 710 2151 habitaculum
723 2090 952 2150 monoohorum
966 2106 1022 2149 seu
1035 2106 1129 2168 regu-

194 2186 320 2260 larium,
335 2185 507 2247 dummodo
522 2184 607 2246 eliud
621 2203 684 2246 non
698 2184 936 2247 summioribus
950 2184 1080 2262 invium,
1097 2187 1130 2247 el

197 2282 291 2344 etiem
306 2281 480 2344 sacrarium
498 2279 713 2358 eeclesiarum,
736 2279 762 2341 si
781 2280 822 2342 ed
841 2280 919 2342 illud
938 2282 1045 2360 paseat
1063 2279 1130 2341 edi-

196 2381 247 2440 tus
261 2396 318 2456 per
331 2376 433 2438 solum
447 2377 617 2438 oleuslrum
631 2377 785 2438 eleusurae
800 2376 987 2457 subjeetum.
1006 2377 1039 2438 Si
1052 2391 1129 2438 vero

197 2475 299 2537 solum
312 2491 370 2553 per
384 2473 549 2535 ecelesiam
563 2472 683 2551 patebit
696 2470 800 2533 editus
815 2477 870 2535 eul
879 2491 936 2552 per
946 2475 1127 2551 uirumque,

197 2570 373 2651 subjeetum
397 2587 459 2631 non
483 2570 531 2630 est
553 2568 707 2630 eleusuree
730 2567 792 2648 legi
816 2568 927 2630 saltem
954 2567 1131 2629 seeundum

198 2665 456 2726 consuetudinem
475 2655 645 2746 vigentem.
670 2666 705 2726 ln
727 2665 925 2728 monasteriis
943 2663 1130 2726 monialium

198 2761 344 2822 eleusure
358 2764 406 2823 est
419 2762 520 2822 omnis
533 2759 585 2822 ille
600 2762 688 2824 loeus
702 2762 735 2823 in
750 2780 845 2843 quem
858 2762 1047 2825 monialibus
1056 2763 1131 2824 lieet

198 2857 322 2939 ingredi
335 2875 383 2920 ex.
400 2876 448 2938 gr.
465 2857 610 2936 offioinae,
627 2859 747 2938 hortus,
764 2878 869 2924 erenae
884 2863 915 2922 el
928 2863 1014 2924 tolus
1028 2859 1131 2921 ambi-

198 2961 249 3020 tus
263 2973 354 3017 muro
369 2954 452 3016 einol
475 2973 500 3018 s.

581 3087 687 3139 CAPUT
706 3087 748 3137 ΙΙΙ.

282 3207 315 3247 DE
330 3206 415 3247 usos
432 3202 572 3246 ouomms
589 3204 625 3243 AD
641 3201 817 3243 nuncnune!
835 3202 1003 3246 cumulum
1019 3203 1048 3244 lu

587 3282 738 3322 euomuit.

240 3390 264 3449 Ι.
282 3387 421 3450 Tertium
435 3385 595 3449 oheuilelis
610 3385 787 3448 ohrislienae
803 3385 961 3467 objectum
971 3383 1133 3465 estproxi-

201 3499 271 3543 mus
285 3486 401 3559 noster,
418 3500 512 3562 quem
526 3485 678 3561 lanqueum
689 3481 838 3562 nosipsos
849 3501 955 3545 emere
966 3483 1130 3565 debemus.
