2504 4024
380 331 419 375 nn
441 331 568 378 ostnoro
588 332 671 378 roms
693 333 847 381 canorum.
1021 329 1076 386 lta

184 477 254 535 Non
270 491 347 554 ergo
363 477 493 551 possunt
513 474 553 534 ad
576 475 722 555 quaedam
741 478 912 556 generalia,
934 481 1025 544 firma
1046 491 1077 546 et

145 569 354 630 immutabilia
363 569 517 648 prinoipia
530 570 598 632 haee
611 571 835 650 impedimenta
849 578 1002 653 revocari,
1019 579 1075 640 sed

145 663 248 742 potius
264 680 334 741 quae
353 663 505 724 haetenus
527 663 655 726 definita
675 671 748 730 sunt
768 666 808 728 ad
830 668 934 747 oapita
953 673 1073 751 rahnei,

145 761 174 819 et
187 757 392 838 singulariter
405 758 589 820 eorumdem
604 763 749 824 naturam
763 767 794 825 et
807 764 961 826 rationem
972 768 1076 847 explo-

144 871 225 917 rere.

181 953 293 1031 ltaque
307 951 532 1030 impedimenta
549 954 781 1017 matrimonium
802 956 991 1034 dirimentis,
1013 959 1074 1020 alia

143 1043 291 1105 videntur
305 1044 423 1107 direeto
439 1048 593 1126 respieere
607 1065 758 1128 personas
771 1049 927 1131 legitimas
950 1057 1075 1115 eontra-

142 1142 297 1218 hentium,
314 1161 379 1202 seu
402 1143 654 1206 contrahentium
676 1145 856 1206 idoneitatem
866 1165 880 1223 ,·
909 1147 971 1209 aha
998 1147 1074 1228 legi-

141 1241 252 1300 timam
271 1239 476 1301 contrahendi
497 1240 624 1318 sormam
646 1240 824 1318 atmodum,
848 1260 904 1302 sen
923 1242 1073 1304 idoneum

141 1335 348 1396 contrahendi
361 1335 501 1414 modum,
517 1337 562 1399 ita
576 1339 611 1398 ut
624 1337 674 1398 vel
688 1337 764 1398 vitio
779 1355 987 1416 personarum
1001 1359 1071 1418 quae

140 1431 341 1507 contrahunt,
358 1431 409 1492 vel
429 1432 522 1493 modo
545 1450 606 1512 quo
628 1433 818 1494 contrahunt
837 1433 1072 1496 matrimonium

139 1528 262 1589 irritum
276 1527 439 1590 reddatur.
565 1590 567 1594 .

179 1623 390 1682 Personarum
403 1639 479 1683 vero
493 1621 672 1684 inhabilitas
687 1622 728 1683 ad
743 1621 993 1685 contrahendum
1006 1640 1071 1684 ma·

140 1717 322 1780 trimonium
337 1719 509 1781 attenditur
526 1719 576 1779 vel
594 1719 721 1780 absolate
740 1719 773 1778 in
794 1719 903 1780 ordine
924 1719 965 1780 ad
986 1737 1070 1798 quaa·

28 1807 30 1814 '
139 1813 217 1875 libet
242 1815 461 1891 matrimonia,
491 1815 531 1876 ad
558 1821 674 1876 statum
701 1815 978 1901 matrimonialem
1009 1815 1070 1875 alia

140 1913 312 1975 attenditur
333 1914 452 1974 relative
473 1913 513 1974 ad
535 1915 700 1993 quosdam,
722 1915 773 1974 vel
794 1913 941 1993 quaedam
961 1915 1070 1974 matri-

140 2009 254 2086 monia,
272 2027 327 2070 seu
342 2009 383 2069 ad
393 2009 626 2071 matrimonium
641 2027 712 2070 oum
727 2008 916 2087 quibusdam
926 2009 1068 2086 personis

140 2105 399 2176 contrahendum.
416 2107 507 2167 Unde
524 2125 530 2167 :

139 2205 167 2263 l⁰
195 2204 239 2262 lle
266 2201 411 2264 absoluta
434 2219 642 2281 personarum
667 2198 862 2261 inhabilitate
887 2198 928 2259 ad
946 2203 1068 2262 eontra·

176 2295 317 2356 handum
331 2295 577 2357 matrimonium.

135 2396 167 2452 2⁰
183 2393 228 2451 De
242 2391 375 2452 relativa
388 2409 595 2469 personarum
609 2390 815 2452 inhabilitate.

135 2492 167 2550 3⁰
178 2489 223 2549 lle
232 2487 466 2566 impedimentis
477 2507 548 2568 quse
559 2487 678 2549 direoto
688 2485 889 2548 inhabilitant
898 2483 1068 2566 quemdam

175 2584 385 2646 contrahendi
398 2585 539 2661 modum,
558 2602 620 2646 non
635 2601 786 2663 personas
800 2582 1063 2646 contrahentium.

137 2731 216 2793 Quota.
232 2735 268 2780 1ι.
282 2729 317 2778 De
335 2728 452 2779 absolata
464 2743 629 2794 personarum
645 2729 807 2782 inhabilitate
822 2729 858 2780 ad
871 2728 1067 2781 contrahendam

501 2794 706 2843 matrimonium.

174 2908 359 2972 inhabilitas
389 2910 533 2971 absoluta
561 2909 602 2970 ad
630 2910 881 2984 matrimonium,
904 2906 975 2987 jure
1004 2927 1066 2987 quo

135 3007 286 3083 vivimus,
310 3023 464 3085 exurgere
488 3006 613 3068 videtur
636 3024 674 3067 ex
695 3005 809 3084 tripliei
834 3001 954 3080 eapite:
974 3005 1004 3061 l⁰
1028 3019 1066 3062 ex

134 3103 322 3183 impotentia
346 3102 576 3175 eonsentiendi;
593 3109 625 3164 2⁰
646 3121 684 3163 ex
706 3096 890 3180 impotentia
913 3098 1062 3171 ooeundi;

135 3202 167 3260 3⁰
181 3219 220 3260 ex
234 3201 335 3260 status
350 3197 653 3277 incompatibilitate.

410 3347 438 3390 Α.
452 3348 483 3391 lle
495 3346 622 3402 impotentia
633 3344 790 3389 sententiandi.

175 3445 285 3507 XXIV.
304 3445 362 3517 Qui
377 3444 551 3506 consentire
568 3461 630 3504 non
643 3447 785 3522 possunt,
802 3442 923 3503 nullum
937 3445 1067 3523 possunt

134 3537 212 3599 inire
237 3542 451 3616 contractum,
468 3538 623 3619 siquidem
645 3542 824 3601 eontraetus
848 3543 914 3602 est:
932 3539 1068 3598 duorum

935 3635 980 3688 10*
