2548 4020
169 295 228 354 220
376 305 604 353 rusrrrurlouss
625 305 707 351 sums
730 302 887 350 cruorum.

171 453 247 529 deri,
261 451 335 532 jura
348 455 457 513 nostra
471 451 619 512 curarunt
633 449 737 529 aliquo
753 445 847 511 modo
858 446 944 508 hisce
955 448 1097 509 contrac-

169 547 252 607 tibus
266 545 444 624 providcre.
539 571 540 574 ¹

213 645 281 703 Non
305 645 452 722 poterant
475 645 558 704 certe
581 639 692 702 initam
715 638 898 700 'societatem
921 635 1102 698 rescindere

169 738 202 798 in
217 737 357 799 favorem
375 739 458 799 illius
477 737 529 818 qui
550 737 699 818 injuriam
721 753 832 816 passus
855 737 946 796 esset.
973 736 1053 793 Nam
1076 731 1103 792 si

172 833 232 895 hoc
249 833 302 914 jus
323 851 488 898 romanum
512 834 638 895 admisit
658 832 763 914 quoad
784 833 964 893 contractus
986 828 1040 910 qui
1062 828 1102 889 de

172 947 229 1002 sua
243 933 355 990 natura
369 948 431 992 non
447 933 551 991 essent
564 930 728 1010 perpetui,
745 945 808 991 non
822 932 948 1007 poterat
965 927 1027 987 hoc
1045 927 1103 986 Ec·

172 1024 267 1086 cleeia
289 1025 454 1088 admittere
477 1026 609 1088 relative
633 1027 674 1086 ad
694 1025 940 1102 matrimonium,
964 1022 1049 1104 quod
1064 1021 1103 1082 de

172 1136 229 1180 sua
242 1123 355 1181 natura
368 1125 556 1200 perpetuum
570 1127 627 1184 est.
640 1122 723 1201 Ergo
739 1138 802 1181 non
816 1120 919 1198 potuit
931 1118 1005 1179 huic
1018 1115 1104 1177 ‘melo

171 1215 338 1293 providere
361 1218 421 1279 nisi
443 1217 816 1280 irritandocontractum
844 1217 884 1277 ab
911 1215 1017 1288 initio;
1045 1213 1104 1274 hoc

173 1319 279 1377 autem
302 1332 427 1376 summa
449 1315 616 1394 prudentia
635 1313 752 1390 effecit,
779 1312 1000 1392 distinguendo
1021 1309 1106 1370 inter

172 1413 319 1474 timorem
333 1419 365 1472 et
378 1411 525 1473 timorem
543 1431 549 1473 :

214 1511 246 1568 1⁰
260 1508 367 1570 Timor
381 1506 450 1568 leuis
465 1525 528 1568 non
541 1507 653 1583 irritat,
670 1506 736 1568 sive
751 1505 825 1586 quia
839 1503 930 1566 facile
945 1500 1105 1564 contemni

174 1606 295 1682 poteet3
322 1610 354 1664 et
368 1603 395 1664 si
413 1605 642 1680 admitteretur,
658 1602 825 1663 innumera
838 1598 1041 1662 matrimonia
1054 1597 1104 1658 vel

173 1697 284 1776 dubia,
311 1699 360 1761 vel
384 1699 486 1776 nulla,
508 1701 558 1762 vel
579 1699 685 1761 multis
706 1697 945 1760 difficultatibus
968 1695 1105 1756 obnoxia

173 1797 289 1854 essent.

213 1893 245 1950 2⁰
260 1892 366 1969 Ipsum
379 1889 525 1966 timorem
538 1909 658 1970 crucem
677 1889 827 1965 distinxit,
853 1907 893 1949 an
915 1889 1002 1950 ortus
1024 1893 1108 1948 esset

174 2004 212 2046 ex
234 2003 321 2046 causo
336 1986 509 2062 extrinseca,
529 1986 580 2052 vel
602 1985 768 2047 intrinseco.
790 1986 838 2046 Ab
853 1983 1026 2045 extrinseco
1043 1982 1107 2043 dici

175 2082 337 2143 consuevit
352 2081 403 2161 qui
418 2081 569 2144 incutitur
582 2081 622 2142 ab
644 2081 808 2143 homiuum
820 2082 851 2142 vi
866 2085 921 2142 aut
934 2080 1046 2153 minis;
1064 2077 1106 2140 ah

174 2178 342 2239 intrinseco
357 2178 410 2259 qui
426 2179 530 2258 potius
545 2197 583 2238 ex
597 2174 796 2240 conscientiae
807 2178 940 2240 stimulis
950 2175 1106 2240 et'motivo

175 2275 284 2338 salutis
300 2281 425 2338 aeternae
442 2293 536 2356 quam
551 2293 589 2336 ex
604 2275 768 2336 hominum
782 2276 978 2350 crudelitate,
989 2272 1107 2336 severi-

175 2375 239 2432 tate
254 2375 286 2434 et
300 2372 471 2434 hostilitate
486 2372 672 2450 concipitur.

216 2468 323 2530 Timor
337 2469 377 2528 ab
391 2468 560 2530 intrinseco
576 2486 638 2529 non
653 2467 771 2530 dirimit
792 2467 1038 2543 matrimonium,
1062 2464 1107 2526 si-

177 2563 305 2642 quidem
316 2565 402 2644 justa
416 2566 531 2646 egendi
546 2565 625 2628 ratio
641 2572 699 2642 eet,
722 2570 754 2628 et
773 2565 876 2626 minus
896 2564 1003 2626 liberae
1025 2563 1106 2623 elec·

176 2659 263 2721 tioni-
278 2659 458 2738 oppositae,
484 2665 515 2723 et
538 2661 672 2724 naturali
696 2662 833 2742 quodam
857 2660 1020 2720 hominum
1041 2660 1109 2719 ins-

177 2756 275 2817 tinctu
304 2761 403 2830 ortus,
433 2757 552 2818 homini
576 2759 799 2834 connaturalis,
823 2759 854 2820 et
877 2755 1018 2818 omnium
1039 2755 1106 2816 fere

177 2858 315 2920 cestuum
329 2874 435 2918 comes
452 2860 484 2918 et
501 2857 700 2932 moderatum
721 2854 958 2931 rationabiliter,
978 2854 1108 2915 morali-

167 2960 225 3018 ter
252 2956 312 3018 hoc
338 2953 455 3016 motivo
483 2953 720 3016 determinatur.
752 2951 985 3015 Matrimonium
1012 2949 1107 3030 hujus

176 3049 301 3111 timoris
311 3048 433 3110 ratione
448 3047 594 3108 dirimere
609 3047 719 3109 fuisset
740 3047 847 3108 tollere
871 3043 1105 3126 quodammodo

178 3145 363 3208 moralitatis
377 3142 563 3220 custodiam,
580 3142 740 3204 stimulum
755 3140 888 3216 virtutis
905 3138 1045 3202 medium
1061 3155 1107 3198 re·

178 3246 390 3322 parandarum
416 3243 604 3324 injuriarum
632 3247 663 3300 et
686 3240 874 3301 damnorum
895 3234 1106 3316 prospiciendi

179 3339 261 3400 bono
276 3340 371 3418 prolis
386 3344 418 3400 et
431 3338 551 3401 aditum
569 3337 691 3415 aperire
710 3335 847 3397 nullibus
868 3333 1104 3414 questionibus.

220 3435 251 3494 Si
266 3454 343 3495 vero
355 3437 449 3496 timor
463 3436 498 3496 fit
512 3435 551 3494 ab
567 3432 740 3495 extrinseco
755 3449 811 3492 seu
826 3431 866 3490 ab
886 3430 1024 3507 homine,
1047 3428 1111 3489 dis·

178 3527 293 3608 tinguit
307 3545 347 3588 an
361 3531 401 3590 sit
415 3528 540 3608 injustos
554 3530 603 3590 vel
611 3529 723 3608 justus.
740 3529 789 3589 Ad
800 3526 954 3607 justitiam
973 3527 1037 3588 duo
1057 3544 1109 3590 re·
