2476 4022
355 291 395 334 nn
416 290 544 337 cursuro
564 293 645 340 runis
667 293 821 340 esnonror.
1014 283 1051 343 t3
1125 279 1130 286 '

113 428 243 510 plinam
253 451 326 512 erga
336 433 397 494 hoe
408 439 641 496 sacramentum
652 436 682 496 in
693 455 726 497 se
737 441 923 518 spectatum,
936 439 1050 502 deinde

113 527 204 589 circa
221 528 361 608 ejusdem
376 528 690 594 administrationem.

144 702 158 749 fi
175 697 199 740 Ῑ.
216 709 245 740 Μ
258 708 390 742 DISCIPLINA
403 708 513 744 BCCIAESIAE
527 711 589 744 ΙΙΒΔ
603 711 778 746 sucululsrtstt
793 693 819 746 ΙΝ·
835 713 862 746 a!
876 714 1019 750 SPWI'ATU·

151 817 195 878 II.
215 815 305 876 Fides
320 816 467 878 ucelesiae
478 818 619 898 estquod
630 819 792 898 perverbo
805 827 1050 890 consecrationis

65 905 68 912 ’
111 927 215 989 super
228 929 343 990 panem
358 917 389 970 et
404 911 511 974 vinum
525 933 546 974 a
558 915 721 978 sacerdote
736 919 937 996 prolata,s1at
951 922 1050 983 admi-

112 1007 225 1068 rabilis
245 1008 300 1068 illa
321 1009 486 1070 conversio
505 1011 601 1072 totius
622 1013 804 1076 substantia
826 1018 916 1094 panis
935 1017 967 1079 in
982 1037 1049 1081 cor·

111 1120 186 1180 pus,
204 1104 300 1166 totius
320 1103 504 1166 substantIee
519 1107 582 1168 vini
597 1107 629 1168 in
644 1110 830 1188 sanguinem
844 1115 880 1174 D.
899 1117 935 1176 N.
952 1117 980 1178 J.
998 1117 1045 1191 0.,

112 1217 213 1278 qnam
233 1199 410 1258 mirabilem
431 1201 646 1278 operationem
665 1209 758 1267 vocat
771 1209 1049 1273 transsubstantia-

111 1294 246 1379 tionem.
263 1297 367 1366 Quum
382 1297 488 1357 autem
501 1297 642 1360 Christus
658 1301 746 1362 Dom.
764 1319 783 1362 a
797 1305 929 1364 mortuis
943 1324 1049 1366 resur·
1099 1343 1107 1352 -

112 1409 195 1469 gens
210 1389 346 1469 amplius
367 1409 430 1452 uon
445 1392 597 1456 moriatur
611 1395 652 1455 oh
666 1395 731 1457 vim
753 1400 903 1461 naturalis
924 1401 1048 1462 unionis

111 1506 180 1567 qua
193 1492 301 1568 partes
316 1485 429 1571 Christi
441 1505 503 1548 non
514 1490 648 1568 amplius
662 1491 805 1554 morituri
818 1494 900 1556 inter
909 1514 942 1557 se
954 1513 1048 1574 oopu-

111 1583 231 1660 lentur,
248 1582 352 1644 credit
373 1600 436 1644 una
450 1602 521 1644 cum
543 1602 675 1664 corpore
690 1592 721 1650 et
734 1589 920 1669 sanguinem
935 1595 966 1654 et
980 1592 1048 1653 aui·
1098 1654 1101 1658 .

113 1697 211 1758 mam,
229 1684 263 1740 et
283 1698 348 1740 una
370 1697 442 1740 oum
465 1682 618 1761 sangnine
642 1701 755 1763 eorpus
777 1689 809 1747 et
829 1688 965 1749 animem
988 1691 1046 1752 sub

114 1777 283 1854 speciebus
304 1776 395 1854 panis
410 1779 440 1837 et
455 1775 518 1838 vini
540 1777 712 1840 contineri:
729 1781 769 1841 ob
790 1780 1047 1846 indissolubilite-

113 1877 180 1933 tem
193 1890 271 1936 vero
286 1873 491 1950 hypostaticae
507 1873 630 1934 unionis
645 1878 676 1936 et
687 1875 881 1939 divinitatem
896 1879 959 1939 nuh
973 1897 1045 1941 eum

115 1987 249 2048 corpore
271 1968 422 2030 e'tauime
443 1969 556 2032 Christi
577 1972 697 2032 unitam
718 1991 797 2052 esse,
814 1981 1045 2057 proptereaque

115 2064 276 2147 integrum
297 2065 465 2140 Christum,
483 2066 566 2128 facta
580 2071 939 2148 transsubstantiatione,
957 2090 1043 2146 vere,

115 2163 259 2239 realiter,
278 2162 525 2224 substantialiter
547 2163 605 2224 suh
629 2164 792 2243 speciebus
816 2166 906 2242 panis
929 2166 1045 2226 etvini

114 2259 279 2322 contineri.
299 2260 385 2320 Hanc
406 2262 511 2320 autem
533 2260 750 2324 admirabilem
773 2258 887 2320 Christi
906 2277 1044 2336 praesen-

114 2353 188 2416 tiam
218 2358 552 2416 non'nomentaneam
587 2373 672 2433 esse,
698 2354 754 2416 sed
786 2359 1041 2432 permanentem,

115 2467 279 2530 quousque
294 2450 385 2528 panis
400 2451 509 2512 etvini
523 2451 644 2530 species
658 2469 720 2510 non
736 2455 988 2530 corrumpantur.

152 2545 357 2606 Cohaerenter
370 2544 411 2604 ad
425 2544 506 2606 hanc
525 2546 632 2620 fidem,
649 2544 861 2606 ecclesiastica
879 2543 1045 2623 disciplina

115 2639 174 2710 duo
197 2640 309 2701 debuit
327 2641 359 2700 in
373 2641 570 2702 Eueharistie
591 2634 695 2720 quoad
710 2659 743 2702 se
759 2640 958 2704 considerate
978 2641 1043 2702 ani·

114 2739 331 2802 madvertere:
352 2773 391 2784 --
406 2743 437 2800 l⁰
451 2738 620 2820 objectum
638 2739 740 2801 cultus
761 2741 923 2820 supremi:
942 2741 1043 2802 cultus

113 2836 224 2914 latriae,
242 2831 342 2916 qualis
362 2835 417 2896 soli
437 2838 501 2897 Deo
524 2835 675 2898 debetur:
692 2825 834 2899 Christus
855 2838 939 2898 enim
960 2840 1043 2900 Deus

115 2936 169 2995 est.
186 2967 228 2978 -
240 2936 272 2992 2⁰
288 2933 390 3004 Ouum
413 2937 519 2993 autem
541 2931 681 3005 Christus
705 2950 844 3012 prasens
863 2934 917 2994 fiat
932 2933 1043 2992 eodem
1108 2929 1112 2938 '

115 3032 183 3089 actu
201 3045 275 3107 quo,
289 3027 434 3088 distincto
449 3045 506 3105 per
520 3027 617 3088 verba
630 3027 874 3088 consecrationis
889 3026 1042 3104 sanguine

114 3121 179 3201 ejus
194 3139 214 3182 a
229 3139 373 3201 corpore,
391 3123 521 3182 cruente
534 3137 619 3180 mors
634 3121 702 3201 ejus
715 3121 746 3180 in
762 3137 855 3181 cruce
869 3137 1042 3198 repraesen-

113 3220 211 3295 tetur,
228 3217 377 3279 videlieet
399 3216 431 3276 in
453 3219 536 3278 statu
560 3217 710 3292 victimae,
731 3215 790 3276 sub
813 3214 910 3293 signis
933 3217 1042 3278 mortis

113 3307 194 3372 illius
217 3327 313 3390 quam
328 3327 385 3388 pro
401 3309 500 3371 salute
522 3314 629 3372 nostre
652 3327 762 3387 passus
781 3311 839 3384 est,
856 3308 996 3370 Ecclesia
1008 3310 1041 3372 iu

114 3399 170 3462 hac
184 3402 310 3464 actione
324 3401 478 3462 demirata
493 3409 540 3462 est
553 3401 762 3480 symbolicum
776 3401 946 3482 quoddam,
960 3422 1041 3482 mys·
1110 3453 1115 3461 .

113 3496 219 3576 ticum,
235 3497 447 3574 incruentum,
464 3499 569 3560 temen
593 3513 704 3560 verum
723 3500 754 3560 et
774 3488 900 3578 proprie
922 3497 1040 3560 dictum
