2548 4020
171 275 227 336 190
375 287 603 334 rusurrurrouns
624 288 706 334 rums
728 287 883 336 neronior.

209 435 257 497 Ad
280 434 452 498 Eoolesiam
468 453 542 496 vero
557 435 741 498 orientalem
756 437 842 518 quod
856 437 977 516 attinet,
993 439 1103 502 hodie·

167 549 227 611 que
243 530 413 610 ambigitur
427 549 467 591 an
485 529 719 592 matrimonium
738 531 925 593 elericorum
942 532 1100 613 majorum

12 653 13 734 r
119 667 120 672 κ
165 629 236 705 post
249 643 373 687 suoram
390 625 620 688 ordinationem
637 629 834 689 oontraotum
852 627 1011 691 subsistat
1027 628 1100 689 Pla-

165 728 230 790 ouit
243 727 397 806 pluribus⁷
410 726 454 788 uti
465 725 560 788 refert
569 725 757 788 Benediotus
765 727 846 801 XIV,
856 725 1075 787 constitutione
1088 745 1095 786 :

165 841 197 883 eo
211 822 354 902 quamvis,
372 822 440 886 haee
453 821 654 883 matrimonia
668 839 736 882 esse
750 823 872 882 tantum
891 819 1017 894 illicita3
1041 821 1098 882 sed

165 918 253 980 addit
268 935 335 978 esse
349 915 450 996 magis
461 918 705 978 consentaneam
715 915 803 996 praxi
817 917 1098 996 congregationum

164 1029 376 1088 romanarum,
394 1011 581 1072 sententiam
596 1030 665 1091 quae
682 1031 720 1074 ea
737 1016 824 1075 tenet
842 1015 993 1092 tanquam
1008 1013 1098 1074 inva-

163 1109 237 1169 lida.
255 1110 321 1169 Hao
338 1109 370 1169 iu
384 1126 418 1168 re
434 1107 509 1170 citat
529 1108 741 1169 Justinionum
759 1109 813 1188 qui
833 1108 898 1188 (lib.
915 1110 1007 1186 XLV,
1024 1110 1094 1170 ood.

164 1206 203 1267 de
217 1207 275 1285 Ep.
291 1210 325 1266 et
344 1205 432 1284 oter.)
451 1209 543 1266 vooat
562 1205 675 1265 horum
694 1206 818 1284 nuptias
838 1205 972 1266 nefarias
1000 1208 1031 1267 et
1048 1206 1099 1265 in-

165 1307 334 1380 cestuosas,
345 1305 376 1364 et
389 1301 469 1362 filios
484 1301 557 1362 inde
571 1305 660 1364 natos
674 1302 863 1383 illegitimos
874 1302 969 1383 juata
982 1320 1016 1363 ea
1029 1321 1097 1384 quoe

164 1399 254 1461 sacris
268 1399 328 1460 viso
342 1405 411 1458 sunt
423 1399 587 1461 canonibus.

203 1497 265 1558 Sed
288 1497 372 1575 quod
394 1499 515 1574 spectat
535 1496 576 1556 ad
596 1495 826 1574 Italo-Graeeos‚
843 1514 898 1557 seu
918 1497 1043 1559 Graeoos
1064 1502 1098 1560 et

163 1592 356 1654 Albanenses
375 1590 481 1672 quiin
500 1583 606 1652 Sicilia
626 1596 658 1650 et
678 1589 823 1651 Calabria
846 1592 1091 1664 commorantur,

96 1749 103 1762 ,
162 1688 248 1748 nulla
262 1686 475 1749 controversia
493 1689 551 1748 est.
569 1686 648 1747 Nam
669 1685 754 1746 idem
774 1683 916 1746 Pontifex
934 1676 1043 1744 statuit
1060 1683 1094 1744 in

161 1803 218 1846 sua
233 1784 477 1846 constitutione:
503 1783 573 1843 Etsi
590 1783 765 1860 Pastorolis,
782 1799 851 1861 oap.
869 1797 925 1858 vu,
943 1781 982 1842 de
1002 1781 1091 1844 Saor.

160 1883 235 1944 Ord.
252 1890 286 1942 n⁰
300 1885 349 1958 27,
367 1881 451 1961 quod
466 1880 493 1942 si
507 1881 577 1960 quis
591 1879 813 1957 subdiaconus,
829 1879 990 1954 diaeonus,
1007 1895 1094 1956 pres·

159 1978 269 2057 bytom,
291 1981 364 2056 post
384 1995 507 2040 sacram
531 1977 777 2054 ordinationem,
802 1991 931 2036 uxorem
954 1963 1092 2050 durarit,

159 2073 199 2136 sit
222 2074 425 2153 deponendus
449 2075 480 2134 et
503 2073 543 2136 ab
569 2073 733 2152 illegitima
760 2089 856 2134 uxore
883 2069 1089 2150 separandus.

159 2169 389 2264 Matrimonium
398 2169 559 2250 enimpost
568 2169 739 2231 recensitos
747 2168 872 2232 ordines
881 2168 1089 2242 eontraotum,

158 2262 279 2330 nullum
295 2271 326 2330 et
340 2267 464 2330 irritum
481 2267 689 2329 declaramus.

528 2429 552 2470 ³⁰
566 2425 599 2469 De
610 2425 721 2480 liyomiae.
765 2422 766 2425 ’

196 2554 304 2614 XXIX.
321 2554 399 2614 Gum
413 2555 534 2616 constet
548 2553 654 2615 divino
667 2552 750 2632 jure,
767 2552 941 2614 seeundum
955 2551 1090 2631 primiti-

157 2663 229 2708 vam
252 2647 442 2710 matrimonii
467 2648 709 2724 institutionem,
738 2648 966 2728 proclamatum
992 2645 1089 2707 fuisse

156 2740 367 2821 monoqomiom
390 2744 421 2803 et
444 2742 724 2806 indissolubilitotem
743 2745 926 2824 nuptiarum,
950 2739 1089 2803 dubitari

156 2855 218 2900 non
232 2841 336 2917 potest
349 2837 455 2899 divino
467 2838 539 2918 jure
553 2839 747 2917 prohibitum
756 2840 862 2913 fuisse,
873 2839 997 2900 vivente
1006 2846 1088 2898 ¹oon-

151 2933 239 3014 juge,
256 2934 344 2996 atteri
360 2934 490 2996 nubere.
503 2935 592 2997 Unde
606 2953 704 2996 unum
718 2933 953 2998 matrimonium
968 2933 1087 2995 factum

155 3035 201 3093 est
220 3030 480 3110 impedimentum
502 3031 543 3092 ad
564 3030 649 3093 aliud
674 3049 837 3112 quousque
866 3031 1002 3111 primum
1030 3046 1088 3109 per

154 3131 289 3188 mortem
304 3146 366 3188 non
381 3127 565 3190 solveretur.

193 3222 455 3300 Impedimentum
478 3227 584 3286 autem
608 3223 667 3286 hoo
694 3225 780 3288 velut
806 3225 917 3289 initum
943 3227 1086 3306 agnitum

153 3320 211 3392 est,
237 3319 362 3396 quando
387 3320 527 3382 Christus
550 3318 641 3400 juxta
664 3339 702 3383 ea
725 3341 795 3401 quae
818 3323 941 3402 praeiati
964 3341 1085 3400 sumus,

153 3411 230 3472 dixit
246 3415 397 3475 moechari
414 3433 467 3477 eos
483 3417 547 3496 qui,
563 3416 692 3480 dimisse
706 3437 814 3497 uxore,
830 3420 962 3482 alteram
976 3422 1083 3484 duent.

152 3509 235 3587 Ergo
250 3508 325 3569 satis
340 3528 377 3570 ex
392 3511 452 3572 huo
465 3530 511 3573 re.
