2548 4020
167 245 226 304 258
272 263 274 266 ·
374 251 883 300 1nsr1ror1onnsmn1scnaon1c1.

207 403 285 464 Dein
297 401 380 463 tubis
394 399 443 461 vel
457 400 569 478 ligneis
583 397 705 459 tabulis.
782 463 786 470 ,

206 498 325 562 Saeculo
340 498 466 560 tandem
481 515 523 570 vr,
538 496 588 557 vel
602 513 643 558 vu
658 511 882 574 campanarum
896 511 983 555 usas.

206 596 290 656 Finis
305 611 528 672 campanarum
545 611 551 652 :

206 689 312 750 Laudo
331 691 428 748 Deam
452 705 570 758 rerum,
587 686 711 764 plebem
735 703 823 762 voco,
848 702 1006 765 congrego
1030 685 1092 746 cle-

165 805 247 858 ram,
263 783 425 869 deiunctae
440 785 539 861 ploro,
555 782 697 842 nimbum
710 781 797 860 fugo,
814 780 956 858 festaque
978 781 1091 842 decoro

167 880 277 941 officia.

512 1045 678 1090 cartennas
700 1045 762 1090 1v.·

286 1167 288 1171 ’
363 1163 406 1226 De
419 1162 606 1228 Carantoniis
619 1161 714 1224 cultas
728 1162 893 1244 christiani.

205 1299 369 1361 Christiani
385 1299 487 1360 cultus
502 1299 710 1368 caeremoniae,
726 1315 781 1359 scu
804 1297 941 1358 visibiles
955 1303 986 1359 et
1009 1304 1094 1358 exte-

165 1399 262 1458 riores
276 1413 388 1475 praxes
402 1394 555 1474 religiosae
571 1395 684 1474 quibus
702 1394 840 1454 Ecclesia
855 1393 1004 1456 catholica
1024 1393 1092 1453 cul-

164 1498 231 1553 tum
245 1492 309 1550 Deo
324 1489 425 1552 reddit
439 1490 488 1548 hae
504 1495 576 1550 sunt
590 1488 787 1567 potissimum
804 1497 814 1547 ε’
940 1500 942 1504 ·

205 1590 235 1646 1⁰
250 1587 452 1648 Sacrificium.
470 1591 500 1647 2⁰
515 1586 726 1647 Sacramenta.
742 1587 773 1646 3⁰
787 1585 910 1646 Preces.

510 1739 522 1785 g
538 1734 558 1777 Ι.
573 1745 600 1778 nn
615 1745 751 1779 slcarercro.

202 1846 267 1908 XV.
284 1843 470 1924 Augustiosa
486 1843 675 1913 ceremonia
691 1861 760 1921 quse
775 1861 839 1904 ane
855 1860 927 1903 cum
940 1840 1093 1922 religione

164 1938 394 2018 quodammado
408 1945 482 2000 nata
497 1941 545 2001 est
558 1945 589 2001 et
602 1957 658 2020 per
673 1956 782 1999 omnes
796 1956 852 2000 seu
866 1938 930 1999 veri
944 1955 1000 2000 seu
1021 1937 1092 1998 falsi

164 2037 299 2097 nominis
314 2037 454 2115 religioni
469 2043 641 2116 propagata
656 2037 812 2098 invenitor
826 2034 1010 2097 sacrificium
1030 2039 1089 2110 est,

164 2133 308 2197 videlicet
321 2132 450 2194 visibilis
464 2131 617 2212 ritusque
632 2151 688 2212 per
700 2133 831 2212 aliqu'us
845 2132 889 2194 rei
904 2133 959 2193 aut
973 2131 1090 2192 realem

163 2235 216 2289 aut
226 2225 430 2306 symbolicam
441 2228 681 2288 destructionem
691 2233 932 2307 recognoscatur
943 2227 1091 2305 suprema

158 2313 218 2385 ¹Del
233 2325 264 2384 in
287 2341 336 2384 res
352 2339 460 2384 omnes
483 2325 666 2385 dominium.
688 2325 735 2386 Ad
758 2323 860 2386 varios
884 2331 989 2386 autem
1012 2324 1091 2384 fines

144 2419 343 2480 immediate
370 2417 462 2497 dirigi
491 2419 652 2481 consuevit
672 2419 780 2480 isthaec
800 2419 949 2480 solemnis
976 2417 1090 2480 oblatio

162 2519 226 2576 Deo
240 2514 334 2590 facta,
350 2516 494 2578 videlicet
507 2523 561 2577 aut
582 2516 673 2578 unice
687 2517 729 2576 ad
751 2516 848 2578 latriae
863 2516 981 2577 cultum
1003 2516 1092 2577 exhi-

164 2610 300 2671 bendum
315 2612 390 2680 Deo,
407 2613 490 2689 qaod
505 2611 646 2674 sacrificii
661 2627 761 2691 genus
776 2611 964 2673 latreaticam
977 2610 1091 2674 dicitur

162 2720 181 2761 a
195 2702 319 2780 nostris,
336 2709 390 2764 aut
405 2704 443 2763 ad
458 2704 574 2781 gratias
588 2704 727 2782 agendas
741 2705 805 2765 Deo
821 2705 860 2765 de
875 2703 1010 2764 obtentis
1034 2702 1089 2766 be·

162 2797 291 2872 nedelis,
316 2799 400 2877 quod
415 2798 532 2859 dictum
554 2806 602 2861 est
621 2799 853 2876 eucharisticum,
873 2804 928 2861 aut
948 2798 988 2859 ad
1009 2816 1089 2860 nova

160 2892 314 2957 beneficia
329 2895 536 2974 impetranda,
552 2895 634 2974 qaod
649 2895 766 2956 dictum
783 2902 829 2956 est
842 2895 1086 2974 impetratoriam,

161 2997 215 3052 aut
236 2991 277 3052 ad
291 2992 426 3053 dandam
441 2991 610 3066 quamdam
624 2991 867 3054 satisfactionem
890 2992 955 3050 Deo
970 2989 1009 3049 de
1033 3005 1086 3066 pa-

161 3088 249 3149 tratis
271 3086 462 3161 criminibus,
479 3105 547 3162 seu,
563 3089 648 3165 quod
667 3087 749 3148 idem
764 3092 821 3163 est,
846 3086 886 3146 ad
900 3085 1087 3163 placandum

161 3183 261 3242 Deam
277 3183 429 3242 offensum
446 3183 486 3242 ob
501 3184 608 3261 culpas
618 3183 810 3259 commissas,
823 3182 907 3261 quod
917 3181 1032 3241 dictum
1042 3183 1089 3240 est

159 3277 411 3354 propitiatorium.
433 3279 498 3339 Sed
511 3277 702 3356 impossibile
724 3283 790 3339 erat
810 3277 963 3355 sanguine
982 3282 1089 3337 tauro·

160 3385 228 3426 rum
244 3373 299 3428 aut
312 3372 478 3432 vitulorum
494 3372 607 3432 auferri
623 3377 761 3450 peccata,
779 3391 836 3434 nec
851 3371 980 3450 proinde
999 3377 1088 3448 pote-

160 3469 228 3524 rant
243 3463 307 3523 Dec
323 3471 449 3542 accepta
465 3483 533 3527 asse
548 3467 654 3529 isthaec
669 3467 820 3531 sacrificia
846 3484 903 3548 nee
917 3466 1007 3527 illum
1032 3465 1087 3525 hu-

1260 3479 1265 3539 l
