2530 4016
400 269 439 318 oa
460 273 590 320 casuum
609 271 692 320 turus
714 273 868 324 esuourer.
1039 267 1093 328 ert

205 423 267 482 Pro
282 416 488 498 temporalium
500 416 752 482 administratione
765 420 883 482 habere
902 421 997 484 debet
1019 422 1097 486 alies

164 511 484 594 quatuordeputetas
500 511 667 592 exquibus
685 513 748 575 duo
767 518 840 576 sunt
858 514 994 594 eligendi
1015 516 1098 578 inter

165 610 376 699 capitulares,
384 627 466 669 unus
480 608 520 670 ab
544 609 691 688 episeopo
715 611 794 673 alter
816 629 836 672 a
856 612 992 691 capitulo
1010 633 1017 673 z
1034 613 1097 676 duo

164 708 248 772 inter
268 704 404 768 civitatis
426 705 556 782 olerum,
574 705 748 786 etquidem
771 706 851 769 alter
873 708 913 768 ab
937 708 1094 788 episeopo,

165 804 245 866 alter
257 821 277 864 a
291 803 375 864 elero
391 801 523 862 urbano.
545 801 665 862 Horum
684 801 813 864 consilio
832 801 877 864 uti
901 802 996 865 dehet
1014 804 1098 865 circa

164 901 358 964 taxationem
379 898 629 976 contributiones,
654 900 738 961 eirca
762 900 987 963 beneficiorum
1011 903 1097 964 unio-

164 1014 248 1073 nem,
273 995 306 1055 in
329 994 543 1056 ministrorum
566 993 769 1074 deputatione
793 999 824 1059 et
846 995 1040 1075 expulsione,
1064 996 1096 1056 in

164 1093 355 1172 quotidianis
383 1091 528 1171 expensis
549 1094 582 1154 et
601 1091 784 1155 victualium
804 1092 1044 1173 provisionibus
1065 1093 1097 1153 in

163 1187 307 1250 ineundis
321 1187 532 1250 contractibus
547 1186 698 1248 stlitibus
716 1189 936 1267 suscipiendis,
963 1194 995 1250 et
1015 1207 1097 1268 pree-

163 1285 270 1347 sertim
284 1286 317 1346 in
332 1284 487 1366 exigenda
500 1281 778 1346 administrationis
796 1285 928 1361 ratione,
945 1302 1016 1365 quae
1035 1285 1097 1345 sin·

161 1380 243 1461 gulis
271 1380 362 1443 annis
390 1384 438 1443 est
464 1381 505 1442 ab
531 1377 837 1442 administratoribus
866 1380 993 1442 omnino
1024 1381 1093 1442 red-

163 1476 278 1540 denda.
1012 1523 1016 1529 .

201 1571 242 1631 Hi
265 1569 406 1651 deputati
419 1569 538 1650 pariter
559 1569 702 1650 perpetui
723 1572 807 1647 sunt,
831 1572 862 1633 et
882 1586 946 1630 non
968 1575 1098 1648 possent

161 1665 319 1728 removeri
334 1666 402 1726 sine
415 1665 557 1746 legitima
567 1683 679 1741 causa;
699 1683 809 1728 eorum
818 1664 1096 1728 tamenconsilium

161 1759 328 1839 episcopus
355 1763 481 1822 tenetur
503 1757 674 1837 adhihere,
701 1777 764 1822 non
787 1760 887 1840 sequi.
911 1760 959 1822 lta
978 1758 1096 1839 pluries

161 1856 195 1917 S.
222 1855 430 1936 congregatio
452 1855 574 1918 aoncilii
596 1856 681 1935 apud
707 1856 869 1920 Giraldum
887 1858 919 1918 et
944 1855 1098 1918 Benedic-

160 1957 228 2012 tum
240 1952 322 2029 XIV,
339 1951 378 2013 de
396 1951 517 2030 Synod.

515 2127 681 2174 anamotus
702 2129 738 2174 11.

208 2259 253 2321 Do
267 2259 352 2321 retas
365 2259 511 2322 ordinatis
525 2261 566 2322 ad
576 2260 767 2324 coercendam
781 2260 954 2322 alteritatem
970 2277 1041 2343 erpo

560 2367 697 2420 mortuos.

198 2503 418 2599 xvt'oogma
431 2517 504 2580 fidei
527 2521 584 2594 est,
601 2518 686 2598 quod
707 2517 788 2580 siout
802 2517 897 2578 homo
918 2516 952 2578 in
975 2515 1092 2596 duplici

158 2615 347 2692 substantia,
372 2615 472 2676 altera
493 2613 658 2694 spirituali,
684 2613 830 2676 videlieet
853 2613 971 2692 anima,
994 2614 1095 2675 altera

158 2711 314 2773 materiali
335 2729 391 2772 seu
421 2728 573 2789 corporee
596 2710 754 2788 coalescit,
777 2711 822 2772 ita
849 2729 933 2773 mors
958 2711 1094 2774 hominis

159 2807 358 2888 concipiatur
373 2812 526 2887 tanquam
544 2806 639 2888 hujus
661 2808 841 2888 hypostasis
860 2810 1020 2884 resolutio,
1037 2827 1095 2890 per

158 2919 254 2982 quam
264 2917 379 2982 eorpus
388 2903 497 2965 redeat
505 2902 546 2964 ad
554 2906 682 2981 terram,
692 2905 731 2966 de
741 2923 803 2985 qua
811 2907 954 2983 sumptus
963 2908 1021 2980 est,
1030 2905 1095 2982 spi-

157 2996 236 3058 ritua
250 3000 358 3058 autem
370 2996 411 3058 ad
435 2997 545 3075 Deum,
559 2997 616 3077 ⁸qui
631 2998 749 3059 creavit
770 2998 869 3058 illum.
887 2997 950 3059 Sed
966 2997 1094 3077 spiritus

157 3087 315 3150 humanus
328 3089 464 3152 naturali
477 3090 507 3151 vi
522 3090 646 3152 rediens
661 3091 701 3152 ad
719 3093 829 3166 Deum,
851 3093 885 3152 ut
899 3090 983 3151 unde
1003 3107 1094 3150 suam

156 3185 374 3250 immediatam
395 3186 504 3248 habuit
523 3185 676 3266 originem
689 3186 733 3248 ibi
755 3185 895 3252 inveniat
916 3203 1009 3248 suum
1023 3186 1093 3248 ulti-

158 3299 245 3344 mum
259 3283 366 3360 finam,
383 3286 533 3345 aternam
546 3280 788 3344 beatitudinem.

196 3381 267 3440 Non
288 3397 413 3459 semper
434 3378 528 3468 hujus
555 3377 656 3440 ultimi
678 3379 749 3439 finis
770 3379 926 3458 particeps
950 3378 1005 3455 fit;
1036 3379 1093 3440 sed

154 3476 340 3554 praesentari
355 3476 450 3539 dehet
463 3478 535 3538 ante
545 3475 682 3538 tribunal
697 3475 810 3538 Christi
820 3479 854 3537 ut
868 3474 949 3536 ferat
962 3475 1093 3555 propria
