2476 4022
379 284 419 330 oa
438 279 568 329 oararro
589 279 671 326 auara
693 279 850 328 annornm.
1041 267 1080 330 55

157 449 193 492 ne
214 427 366 509 angustiis
388 425 537 504 temporie
564 439 707 502 pressum
734 440 797 482 non
823 439 915 502 posse
943 423 1081 485 delibare

157 525 241 606 plura
256 525 296 586 de
311 521 426 604 quibus
434 519 635 584 tractandum
644 518 804 596 proposui,
817 521 909 596 rapta
918 519 1082 581 oooasione

156 623 267 704 aliquid
284 621 323 682 da
338 621 407 682 haea
422 618 593 699 quaestione
607 611 762 690 ianuam.)

191 721 242 782 lX.
260 721 346 780 bioet
357 717 485 794 liturgia
498 715 606 776 striato
621 729 715 772 sensu
726 713 942 774 vooeturordo
953 731 1081 791 preoum

155 822 184 882 el
199 817 458 880 eaeremoniarum
477 809 633 886 aeonfled,
649 813 756 872 mmen
774 809 839 870 lato
858 827 951 872 sensu
970 811 1083 874 dieitur

154 915 227 978 ordo
242 913 339 976 totius
353 911 454 972 nultus
468 906 586 988 publici
600 905 758 976 anlesiae.
775 906 911 968 Proinde
929 908 1082 988 quidquid

153 1015 272 1093 spectat
286 1011 327 1072 ad
342 1009 464 1089 praxim
483 1006 584 1067 cultus
603 1004 751 1084 religiosi,
768 1004 913 1068 videlieet
932 1007 1014 1084 looa,
1030 1025 1084 1068 su-

152 1109 332 1192 pelleetilea,
356 1107 470 1181 oilloia,
492 1105 657 1184 imagines,
678 1118 802 1182 praees,
827 1107 1035 1180 caeremoniae,
1052 1109 1085 1168 et

153 1224 261 1269 omnes
284 1205 356 1266 libri
379 1203 433 1283 qui
455 1217 546 1262 saara
569 1200 691 1277 officie,
715 1202 934 1278 aaeremouias,
960 1217 1081 1280 preces,

151 1305 228 1366 ritus
244 1301 395 1380 dirigunt,
417 1297 527 1379 quales
541 1303 614 1360 sunt
627 1298 777 1367 llissales,
795 1298 943 1374 Rituales,
959 1299 1084 1361 Pontifi-

152 1399 256 1473 oales,
292 1395 507 1471 Kalendariae,
544 1394 797 1474 Martyrologiae,
834 1394 1082 1473 Antiphonaria,

154 1496 323 1571 Paalteriae,
339 1496 467 1568 (lautus,
489 1495 563 1567 ata,
584 1491 625 1552 ad
645 1492 806 1570 liturgiam
826 1492 973 1554 anlesiae
995 1511 1083 1572 speo-

152 1595 228 1655 tant.
245 1593 394 1654 Jamvero
407 1589 535 1667 liturgia
551 1588 611 1649 boa
630 1605 724 1648 sensu
743 1592 883 1667 aoaepta,
906 1593 940 1650 ut
958 1587 1082 1664 videtis,

152 1684 236 1745 aliud
256 1701 319 1744 non
341 1684 388 1743 est
406 1681 466 1742 nisi
484 1699 548 1741 una
567 1698 641 1758 pars
662 1679 831 1759 disciplina
852 1682 1081 1746 ecclesiastiae.

152 1779 323 1860 Disciplina
337 1779 420 1840 enim
435 1777 648 1838 eeclesiastico
657 1778 875 1857 complectitur
883 1781 1005 1858 praxim
1019 1797 1084 1840 mo-

152 1895 222 1938 rum
237 1882 269 1936 et
284 1876 405 1954 praxim
419 1874 530 1935 aulius.
547 1874 630 1950 llrga
644 1874 677 1934 in
691 1892 807 1952 genera
821 1876 904 1936 illius
919 1880 966 1937 est
980 1875 1085 1938 mode-

151 1974 215 2033 rari
228 1971 389 2051 liturgiam
402 1971 434 2030 in
449 1970 600 2044 anlesia,
616 1968 706 2049 eujus
716 1975 763 2033 est
776 1971 935 2032 moderari
949 1971 1086 2051 discipli-

152 2083 245 2139 nam;
272 2067 359 2146 atqui
382 2065 647 2125 admoderamen
671 2066 889 2130 ecelesiastica
912 2068 1084 2146 disciplina

152 2181 206 2225 sau
225 2163 267 2224 ad
287 2163 427 2241 regimen
445 2160 592 2222 anlesiae
607 2161 670 2223 duo
689 2163 807 2240 gradus
823 2164 1051 2242 jurisdictionis
1066 2182 1086 2224 a

153 2259 276 2322 Christo
290 2258 385 2338 positi
398 2261 471 2320 sunt
487 2277 494 2318 ε
511 2275 586 2336 ergo
606 2257 732 2320 illorum
748 2261 795 2319 est
809 2258 1004 2336 disaiplinam
1018 2279 1087 2322 mo-

153 2357 277 2429 derari;
296 2356 352 2418 sed
367 2357 582 2437 unusquisque
597 2357 715 2435 gradus
728 2357 760 2417 in
779 2356 888 2418 ordine
908 2374 976 2432 suo,
994 2360 1030 2418 R.
1048 2360 1083 2420 P.

152 2453 201 2514 vel
222 2453 411 2514 universitas
430 2453 649 2532 episcoporum
668 2471 740 2513 oum
759 2471 796 2514 eo
814 2453 1083 2532 independenter;

154 2547 268 2628 singuli
289 2539 427 2628 episcopi
447 2547 671 2628 dependenter,
694 2549 825 2627 proinde
847 2548 890 2610 nil
911 2552 1042 2629 possunt
1060 2548 1087 2608 si

153 2639 311 2724 supremae
324 2645 502 2706 auctoritati
515 2644 565 2705 vel
580 2645 735 2724 superiori
748 2648 945 2708 reservatum
959 2650 1016 2708 est.

193 2740 395 2820 Applioemus
409 2741 490 2802 bane
504 2740 658 2801 theoriam
672 2743 853 2820 generalem
867 2741 1000 2821 liturgiae
1016 2742 1087 2804 Mis-

154 2838 206 2897 sae.
225 2836 367 2916 Apostoli
387 2855 443 2915 pro
464 2837 547 2898 laeta
567 2837 625 2898 sibi
647 2839 831 2899 auctoritate
852 2839 958 2917 plures
977 2857 1087 2916 praees
1123 2921 1126 2928 ¹

155 2930 204 2991 vel
217 2932 296 2992 ritus
311 2929 509 2992 tradiderunt
522 2930 702 3008 adhibenda
711 2931 743 2992 in
758 2931 861 2994 Missa.
875 2935 966 3006 Sunt,
979 2951 1009 2992 v.
1024 2951 1085 3012 gr,

154 3028 310 3088 invocatio
334 3029 365 3088 S.
389 3026 532 3106 Spiritus,
554 3027 662 3088 mixtio
684 3046 786 3106 aquae,
810 3027 967 3087 dominioa
988 3027 1087 3087 oratio

155 3125 224 3199 post
238 3122 519 3197 oonsaarationem,
532 3122 641 3182 iraatio
656 3122 766 3199 hostae,
778 3110 810 3182 'et
824 3121 895 3181 alia.
913 3120 1002 3192 Quod
1018 3139 1088 3199 pro-

156 3214 247 3276 batur
262 3235 299 3276 ax
315 3216 456 3277 omnium
469 3216 667 3295 liturgiarum
682 3216 896 3277 eonsensione.

194 3308 350 3373 Credibile
369 3312 474 3371 tamen
494 3313 632 3384 nonest,
655 3315 686 3368 et
706 3308 803 3369 verba
823 3309 855 3367 in
874 3309 977 3388 speeie
998 3309 1090 3371 adhi-

157 3400 279 3478 benda;
304 3410 336 3465 et
358 3407 560 3466 caeremonias
582 3410 613 3464 et
630 3403 708 3464 ritus
727 3402 877 3482 speaiales
892 3403 1005 3484 quibus
1020 3403 1088 3464 baeo

159 3500 317 3574 generalia
336 3503 547 3577 servarentur,
563 3515 618 3562 eos
637 3497 872 3561 determinasse.
889 3500 956 3561 Hoa
974 3496 1089 3576 proba-
