2504 4024
391 305 430 350 on
451 305 579 350 enrncro
599 306 682 351 ruars
703 306 857 352 canorum.
1031 297 1087 356 lta

149 448 421 523 contrahendum
442 453 474 509 2⁰
496 448 528 508 in
550 447 659 510 ordine
681 448 722 509 ad
744 447 904 510 vinculum
929 453 1087 514 matrime-

150 546 239 607 niale
255 548 463 608 contractum.

355 677 539 726 A.nrv1rouuo
555 688 699 721 auraruonn
715 687 892 720 conraunrano.

195 777 366 856 Disciplina
387 776 532 838 Ecclesiae
548 776 607 836 sub
627 776 686 838 hoc
707 775 797 837 titulo
817 775 944 855 respicit
964 776 1090 855 petissi-

152 892 247 934 mum
260 874 321 934 dno
337 873 461 953 objecta
474 894 480 935 :

199 972 231 1028 l⁰
246 969 411 1048 Sponsalia
425 987 494 1049 qnae
510 969 610 1030 solent
624 969 823 1030 matrimonio
838 969 1002 1048 praemitti3

199 1067 231 1125 2⁰
245 1065 474 1144 Impedimenta
489 1083 558 1144 quae
573 1065 772 1127 matrimonio
787 1071 860 1127 sunt
873 1066 1027 1145 apposita.

515 1196 534 1239 Ι.
548 1197 579 1240 Da
591 1197 734 1254 sponsalibus.

200 1279 342 1342 Breviter
357 1280 407 1340 hic
422 1297 534 1359 agam:
554 1282 585 1340 l⁰
596 1281 641 1340 De
656 1279 776 1359 origine
792 1286 823 1340 et
837 1284 950 1341 natura
963 1300 1090 1360 sponsa-

149 1375 254 1448 lium,
278 1377 310 1434 2⁰
334 1373 372 1434 de
396 1374 433 1434 iis
457 1374 511 1453 qui
535 1373 692 1453 sponsalia
715 1380 848 1453 possunt
873 1375 970 1453 inire,
995 1380 1028 1438 3⁰
1052 1377 1090 1439 de

153 1469 354 1549 sponsalium
368 1470 541 1531 effectibus.

413 1605 437 1644 lo
449 1601 481 1644 De
492 1601 578 1657 ortatus
587 1605 608 1644 et
617 1605 700 1646 notura
710 1602 853 1657 sponsalium.

203 1699 295 1761 XVll.
314 1698 483 1760 Prudentia
496 1697 709 1777 gerendorum
723 1699 814 1762 facile
829 1700 927 1765 suasit
937 1719 975 1761 ne
986 1703 1091 1763 matri·

156 1797 314 1872 monium,
330 1799 363 1857 et
383 1797 484 1857 omnis
504 1798 576 1858 vitae
599 1799 791 1860 consortium
813 1799 940 1862 fortuito
958 1799 1089 1880 judicio,

156 1892 213 1956 vel
234 1892 352 1954 cffraeni
372 1891 664 1972 passionisimpetu
688 1895 937 1956 contraheretur.
961 1896 1091 1956 Difficile

158 1989 247 2052 enim
270 1991 316 2049 est
334 1991 369 2050 ut
384 1988 469 2050 bono
492 1994 685 2077 peragantur
709 1991 803 2066 exitu,
822 2009 891 2070 quae
912 1990 996 2052 malo
1020 1997 1094 2054 aunt

159 2085 311 2146 inchoata
324 2083 488 2162 principio.
504 2083 591 2163 (Gan.
609 2084 805 2162 Principatus
819 2104 847 2146 c.
865 2087 893 2162 l,
910 2105 941 2164 q.
959 2086 1002 2165 l.)
1013 2087 1093 2148 Hine

159 2198 201 2240 ex
210 2176 350 2258 gentium
364 2177 505 2238 omnium
514 2193 613 2253 more,
626 2177 706 2237 alter
715 2179 893 2237 contractus
904 2177 943 2237 de
953 2177 1091 2240 ineundo

161 2275 379 2346 matrimonio,
403 2273 595 2334 matrimonii
621 2275 818 2339 contractum
838 2274 1016 2351 praecessit,
1039 2277 1094 2353 qui

56 2441 64 2452 .
161 2390 202 2432 ex
216 2388 279 2431 una
291 2373 380 2449 parte
395 2369 435 2430 ad
451 2369 686 2431 matrimonium
705 2369 871 2450 obligaret,
889 2387 927 2430 ex
941 2369 1004 2430 alia
1017 2386 1092 2430 vero

162 2467 354 2529 matrimonii
380 2466 541 2527 vinculum
574 2484 638 2527 non
665 2466 870 2546 produceret;
902 2472 933 2527 et
960 2465 1092 2545 proinde

161 2563 268 2625 locum
289 2563 379 2624 daret
391 2565 426 2624 ut
439 2562 675 2625 matrimonium
695 2561 886 2622 contracturi
905 2566 1033 2641 possent
1045 2560 1095 2622 in-

161 2658 263 2720 vieem
284 2659 418 2737 experiri
438 2675 553 2734 moras,
570 2665 606 2719 ut
625 2657 737 2764 majori
761 2657 929 2722 securitate
952 2664 983 2722 et
1001 2675 1093 2738 expe-

161 2752 276 2814 rientia
289 2756 424 2834 perpet
401 2769 440 2813 uo
455 2771 508 2812 ma
510 2752 648 2814 trimonir
639 2752 786 2814 vinculo
803 2753 978 2824 unirentur.

110 2780 145 2916 t
202 2848 390 2929 Hujusmodi
410 2849 564 2928 praevium
585 2852 658 2909 cont
659 2852 727 2910 raet
728 2867 781 2910 um
800 2850 933 2911 Romani
952 2851 1095 2911 solebant

162 2944 241 3004 inira
261 2961 318 3022 per
336 2943 580 3022 stipulationem.
599 2944 656 3016 Qui
681 2945 765 3006 anim
789 2964 920 3007 uxorem
943 2945 1094 3006 ducturus

164 3043 241 3117 crat,
260 3039 307 3119 (ut
320 3039 365 3101 ait
379 3041 506 3120 Sergius
528 3040 678 3118 Sulpitius
699 3041 784 3119 apud
806 3041 951 3114 Gallum,
967 3040 1021 3102 lib.
1039 3042 1091 3116 lv,

164 3136 310 3198 Noctium
333 3137 497 3199 atticarum
518 3135 621 3216 e.-rv‚)
637 3137 677 3199 ab
697 3155 734 3198 eo
750 3137 832 3198 unde
848 3136 993 3197 ducenda
1014 3143 1092 3213 erat,

164 3228 373 3309 stipulabatur
397 3245 467 3288 eam
490 3228 522 3287 in
546 3226 783 3288 matrimonium
810 3225 937 3286 ductam
959 3223 1015 3299 iri3
1041 3225 1094 3304 qui

165 3323 296 3406 daturus
322 3327 405 3398 erat,
431 3322 551 3384 ibidem
578 3320 755 3400 spondebat
782 3319 945 3393 daturum
971 3320 997 3380 is
1021 3337 1096 3418 con-

166 3423 283 3483 tractus
297 3419 535 3500 stipulationum
550 3416 814 3498 sponsionumque
830 3415 1095 3495 dicebaturspon-

166 3519 261 3582 salim.

218 3758 247 3806 ς’
