2476 4022
384 285 423 330 nn
445 285 572 332 ontncrc
593 284 675 334 turis
698 288 852 336 canonum.
1044 271 1080 336 al

185 428 343 490 Homines
357 428 398 488 cd
413 427 480 489 haec
495 428 662 506 'l'yrccinia
681 429 809 491 admissi
829 428 1003 506 erudiendi,
1027 428 1083 490 do-

144 525 256 602 cendi,
268 540 371 604 graece
385 534 560 598 κατηχουμένοι
570 524 655 603 quod
666 528 742 586 csta
755 534 875 597 ιατηχέω,
884 525 906 586 i.
919 543 947 588 e.
959 524 1081 602 erudio,

143 619 262 696 doceo,
279 618 355 678 dicti
370 623 453 680 sunt.
470 627 658 691 Κατηχούμενος
670 621 754 680 enim
769 620 883 698 estqui
898 619 989 680 discit
1008 619 1084 680 doc·

143 703 275 775 trinam
296 732 352 774 seu
375 714 530 775 elementa
553 714 731 793 religionis,
757 722 911 785 κατηχιστὴς
936 715 988 794 qui
1011 732 1082 776 cam

143 810 263 884 tradit3
291 819 440 883 κατηχισμὸς
461 816 492 870 et
515 820 656 882 κατήχησις,
681 809 843 872 instructio
868 809 899 889 (a
921 834 984 868 κατα
1007 828 1080 888 per,

144 913 224 977 ἠχέω,
240 904 342 984 sono).
359 906 416 966 Hic
436 903 714 968 catechumenatus
735 903 893 966 institutus
914 904 954 966 ad
976 905 1084 983 singu-

144 1000 252 1061 lorum
267 1000 374 1078 fidem,
397 1002 505 1078 vitam,
527 1001 668 1062 animum
686 1003 853 1082 diligenter
870 1000 1080 1080 probandum,

144 1097 292 1159 habehat
320 1101 422 1160 certos
448 1099 567 1177 gradus
594 1117 673 1177 quos
706 1097 890 1178 singillatim
922 1098 1082 1158 incurrere

146 1192 329 1271 oportebat,
345 1191 391 1254 ita
405 1195 440 1254 ut
454 1192 698 1256 catechumenus
711 1194 744 1254 in
764 1211 798 1256 re
821 1192 992 1254 christiana
1012 1189 1083 1251 dili-

146 1293 261 1366 genter
276 1286 495 1349 instrueretur.
513 1289 669 1348 Numerus
683 1293 789 1352 autem
804 1289 917 1350 horum
925 1286 1083 1366 graduum

148 1400 212 1443 non
226 1383 354 1444 videtur
369 1383 515 1444 uniformi
526 1387 666 1446 retentus
677 1386 851 1464 disciplina.
865 1386 944 1445 Nam
954 1382 1082 1463 quidam

151 1477 1082 1557 duosfaeiuntgraduscatechumenorum‚elterumeorum·

152 1589 228 1652 quos
251 1581 431 1647 ατελεστερους,
455 1573 713 1652 imperfectiores,
739 1576 873 1638 alterum
893 1589 1082 1652 eorumquos

152 1677 328 1740 τελιιωτιρους,
356 1669 575 1747 perfectiores,
600 1671 767 1738 vocabant.
794 1672 841 1732 lta
862 1668 981 1748 pariter
1003 1668 1082 1730 duos

154 1763 451 1825 catechumenorum
471 1765 600 1845 gradus,
623 1765 703 1827 elius
726 1766 871 1828 uidelicet
894 1780 1003 1826 eorum
1029 1762 1082 1852 qni

153 1858 277 1938 proprie
307 1860 502 1921 catechumeni
511 1907 519 1939 ,
546 1864 577 1922 el
600 1861 680 1922 alius
699 1880 810 1925 eorum
825 1861 878 1942 qui
893 1867 1082 1940 competenter

153 1950 358 2028 vocabantur,
375 1952 434 2014 hoc
450 1955 497 2015 est
511 1951 758 2031 imperfectiores
773 1958 804 2015 et
817 1951 1018 2033 perfectiores
1032 1968 1082 2012 re-

152 2051 258 2109 censet
272 2047 434 2126 Origenes,
451 2051 548 2126 Zeno,
563 2049 713 2127 lsidorns,
730 2049 890 2125 Rabanus,
907 2051 967 2110 etc.

188 2143 311 2204 Passim
324 2162 399 2205 vero
413 2144 581 2224 scriptores
596 2146 800 2207 ecclesiastici
814 2145 929 2206 docent
946 2149 1010 2204 tres
1028 2146 1083 2205 aut

152 2246 286 2318 quatuor
299 2239 394 2301 fuisse
408 2242 710 2304 catechumenorum
722 2241 851 2321 gradus.
873 2239 995 2300 Primus
1014 2241 1082 2301 erat

151 2336 330 2398 audientium
344 2337 410 2398 sive
425 2338 617 2416 auditorum,
635 2339 689 2419 qui
702 2339 850 2416 poterant
863 2334 895 2394 in
910 2333 1082 2394 Ecclesiam

151 2433 334 2510 convenire,
364 2434 514 2498 lectiones
541 2438 573 2496 et
600 2451 761 2495 sermones
788 2429 941 2503 audituri,
972 2446 1082 2492 verum

151 2533 220 2592 ante
238 2547 351 2610 preces
370 2531 455 2592 exire
476 2531 671 2610 cogebantur
689 2529 844 2592 clamante
869 2526 1024 2588 diacono:
1048 2544 1082 2588 nc

150 2622 212 2702 quic
232 2620 425 2685 audientium.
453 2625 616 2687 Secundus
641 2627 709 2686 erat
732 2625 880 2686 orantium
904 2639 960 2683 seu
981 2638 1083 2700 genu·
1153 2617 1155 2622 ’

149 2719 353 2796 flectentium,
369 2715 435 2784 sive
445 2730 673 2803 prostratorum,
692 2725 746 2806 qui
760 2725 792 2787 in
806 2741 911 2804 genua
924 2721 1080 2802 provoluti

150 2817 283 2897 publicis
298 2815 444 2896 precihus
457 2820 632 2882 intererant
644 2825 677 2884 et
690 2823 793 2884 Missae
813 2839 913 2904 usque
932 2819 973 2881 ad
991 2820 1081 2880 offer·

149 2913 275 2992 torium,
293 2917 325 2976 et
336 2916 463 2995 proprie
478 2917 696 2998 catechumeni
711 2917 906 2981 dicebantur.
924 2916 973 2980 Ad
988 2917 1081 2978 offer-

149 3010 277 3088 torium,
298 3011 450 3073 diaconus
471 3013 629 3077 clamabat
651 3035 658 3077 :
684 3015 862 3096 Quicumque
886 3010 1083 3074 catechumeni

148 3105 314 3177 discedite:
338 3108 411 3170 hino
435 3109 529 3172 Missa
553 3129 651 3192 usque
675 3112 716 3173 ad
740 3110 933 3175 offertorium
957 3107 1082 3170 dicebat

149 3201 239 3265 Maesa
267 3205 550 3286 catechumenorum,
580 3212 652 3287 post
686 3209 892 3282 offertorium,
921 3203 1077 3266 Fidelium.

150 3293 272 3359 'lertius
286 3300 404 3378 gradus
419 3306 487 3362 erat
503 3300 733 3382 Compctcntinm
748 3304 779 3363 et
792 3301 974 3378 Electmum,
986 3315 1080 3378 quem

150 3394 200 3454 clii
215 3395 248 3454 in
263 3396 343 3456 duos
353 3398 470 3476 gradus
480 3398 688 3478 distinguunt,
700 3397 847 3460 videlicet
857 3414 966 3460 eorum
976 3395 1028 3476 qui
1039 3393 1079 3456 ab

156 3488 301 3572 episcopo
316 3491 484 3556 examinati
504 3495 535 3555 et
548 3490 672 3573 probati
691 3489 817 3557 fuerunt
834 3492 875 3556 ad
889 3487 1080 3572 baptismum
