2530 4016
151 259 219 317 272.
359 265 587 313 rnsrrrurmues
608 265 691 312 rurus
714 264 869 310 canorum.

152 417 256 477 nando
271 415 350 475 duas
363 413 456 475 ferias
471 410 617 473 videlicet
629 412 820 488 postremam
844 411 984 473 cadentis
1006 415 1081 477 anni

151 514 181 573 et
199 511 334 590 primam
353 506 530 589 incipientis
549 506 634 583 anui,
658 505 736 567 ordo
758 505 993 570 succedentium
1011 509 1080 589 pari

149 607 251 687 gradu
274 607 424 668 feriarum
447 607 478 665 et
500 603 692 678 litterarum,
719 603 873 666 constanti
894 605 1015 667 ratione
1035 607 1080 668 ita

149 703 330 764 turbaretur
344 705 378 764 ut
396 701 507 762 littera
529 700 568 760 de
587 716 669 760 anno
691 698 724 758 in
742 717 861 760 aunum
879 699 1079 780 designarent

149 799 243 860 ferias
271 796 466 858 immediate·
481 798 647 875 sequentes
673 795 742 856 illas
771 814 848 875 quas
872 795 1079 876 designabant

149 912 230 954 anno
251 890 460 966 antecedenti,
482 908 537 950 seu
557 889 641 968 quod
656 887 741 949 idem
760 882 817 964 est,
838 888 922 950 fariae
942 890 1016 950 anni
1030 909 1080 951 se·

149 990 271 1068 quentis
293 987 534 1066 designarentur
556 985 660 1047 littera
678 984 858 1048 immediate
881 986 1080 1049 antecedenti

146 1087 232 1146 illam
253 1103 316 1164 qua
338 1082 584 1162 designabantur
607 1099 689 1142 anno
714 1082 929 1158 antecedenti,
953 1101 1008 1142 seu
1030 1084 1079 1144 lit·

146 1187 222 1242 terae
244 1178 446 1241 dominicales
468 1178 507 1237 de
527 1194 609 1238 anno
628 1177 660 1237 in
682 1195 800 1238 annum
823 1177 946 1238 inverso
968 1178 1077 1240 ordine
1107 1215 1113 1225 ·

146 1275 424 1354 progrederentur,
455 1274 555 1335 donec
583 1273 746 1351 completis
773 1279 895 1352 septem
923 1275 1013 1335 annis
1036 1274 1077 1336 ad

148 1371 292 1432 eamdem
306 1370 445 1431 redirent
459 1369 543 1430 unde
556 1369 734 1449 progressio
756 1369 910 1448 originem
925 1369 1023 1446 duxit,
1047 1373 1078 1433 et

146 1467 190 1528 ita
205 1465 244 1527 de
259 1469 380 1543 septem
394 1465 425 1524 in
440 1469 562 1543 septem
578 1483 675 1529 anuos
691 1465 821 1542 eaedem,
839 1465 1013 1545 eodemque
1029 1483 1077 1527 or-

146 1563 218 1622 dina
240 1562 388 1624 redirent.
416 1563 485 1622 Uno
513 1562 610 1623 verbo
632 1565 778 1622 constans
799 1561 1004 1641 reduplicatio
1029 1561 1077 1622 lit-

145 1661 219 1720 torae
244 1661 290 1733 A,
323 1675 393 1738 quae
422 1656 574 1737 contingit
594 1657 682 1719 initio
706 1658 780 1718 anni
800 1649 875 1721 facit
897 1661 1077 1720 constanter

145 1755 265 1831 septem
279 1752 398 1813 litteras
412 1751 568 1813 transilire
591 1757 667 1833 quot
687 1753 777 1814 anuis
796 1771 892 1814 unam
905 1753 1024 1830 sedam,
1045 1755 1077 1815 et

143 1849 262 1911 litteras
277 1848 500 1911 antecedentes
515 1866 669 1928 occupare
684 1849 777 1912 ferias
793 1867 870 1930 quas
880 1851 1076 1930 occupabant

144 1946 255 2007 litterae
269 1944 450 2006 immediate
465 1947 643 2025 sequentes,
660 1945 790 2024 proinde
810 1945 903 2007 ferias
925 1963 986 2007 non
1008 1963 1076 2006 am-

143 2041 224 2120 plius
239 2041 397 2120 designari
411 2041 515 2103 littera
530 2060 592 2122 qua
603 2041 851 2122 designabantur
860 2060 942 2103 anno
952 2042 1072 2120 elapso,

143 2138 200 2200 sed
213 2139 317 2200 littera
330 2139 456 2199 inverso
471 2125 580 2199 ordine
594 2138 775 2200 immediate
791 2138 998 2201 antecedenti.

182 2236 277 2295 Facta
291 2233 405 2312 septies
425 2233 484 2294 hac
502 2233 732 2311 immutatione,
755 2233 979 2297 consummatis
1001 2241 1074 2312 sep-

142 2334 205 2392 tem
231 2330 361 2406 litteris,
391 2330 496 2408 elapso
526 2331 688 2408 septennio
719 2329 804 2391 feria
833 2331 1075 2411 designarentur

139 2426 243 2488 littera
267 2445 329 2506 qua
350 2425 596 2506 designabantur
617 2430 738 2506 septem
761 2430 834 2488 ante
859 2443 958 2488 annos
981 2428 1013 2489 et
1033 2424 1073 2485 de

140 2522 301 2598 septennio
317 2521 349 2581 iu
364 2522 562 2600 septennium
577 2521 698 2583 eaedem
712 2522 823 2584 litterae
839 2522 952 2588 eudem
963 2520 1072 2598 ordine

141 2633 213 2676 oum
226 2615 338 2675 iisdem
353 2616 438 2676 feriis
453 2617 677 2679 coinciderant.

180 2710 274 2772 XXll.
292 2711 354 2772 Sed
369 2712 450 2773 bano
464 2715 717 2792 progressionem
736 2713 971 2777 succedentium
991 2712 1073 2775 litte·

138 2825 246 2868 rarum
260 2805 496 2867 dominicalium
511 2809 550 2868 de
566 2827 647 2871 anno
656 2812 688 2870 in
700 2828 817 2872 annum
827 2811 936 2871 ordine
946 2811 1070 2871 inverso

91 2907 92 2912 ’
140 2910 171 2964 et
183 2903 383 2966 redeuntium
405 2904 444 2964 de
468 2906 631 2982 septennio
655 2907 687 2967 in
708 2907 905 2986 septennium
926 2907 1070 2968 turbatur

138 3003 259 3063 ratione
274 3018 428 3063 annorum
443 3001 563 3062 caeteris
581 3002 771 3082 longiorum,
792 3005 846 3083 qui
861 3003 962 3065 solent
975 3003 1068 3063 inter·

138 3095 244 3157 calari.
262 3097 300 3156 Hi
314 3100 386 3158 sunt
405 3097 479 3157 anni
498 3096 686 3159 bis-sextiles
706 3097 750 3158 sic
773 3097 846 3160 dicti
872 3097 946 3179 quia
968 3096 1068 3158 Julius

138 3192 241 3251 Caesar
268 3193 428 3271 Augustus
454 3193 580 3253 illorum
608 3193 768 3255 institutor
799 3197 835 3256 ut
866 3194 1069 3272 componeret

137 3304 255 3347 annum
279 3288 401 3349 civilem
429 3307 501 3350 cum
529 3307 612 3351 anno
641 3291 870 3368 astronomica,
902 3294 1069 3369 postquam

136 3383 222 3443 auxit
236 3389 414 3463 nonagenta
434 3385 545 3446 diebus
567 3405 685 3448 annum
704 3387 981 3468 quadragesimum
1000 3403 1067 3446 sex-

135 3480 203 3539 tum
225 3483 297 3537 aute
312 3496 418 3541 aerem
432 3480 594 3560 vulgarem
608 3485 643 3545 ut
662 3487 879 3566 compensaret
892 3481 1067 3563 praeteritas
