2530 4016
156 305 215 366 302
364 301 699 359 1usr1rurutrinssun1s
721 309 877 357 cesorum.

237 471 249 518 s
265 465 298 509 11.
312 475 341 509 nn
355 471 488 508 rssrrroris
502 469 656 512 urrunnun,
671 469 820 506 rarissimos
837 471 866 506 rr
881 463 1007 509 niurmcsn

495 536 499 544 ’
542 539 706 576 neustriasis.

196 643 265 706 Vlll
281 638 540 719 Quandoquidem
553 637 846 716 prestantissimum
858 639 1009 704 licolesiae
1022 658 1091 704 mu·
1122 663 1127 672 ·

158 759 233 816 nus,
255 755 369 800 munus
396 734 529 798 docendi
553 740 615 807 est;
638 734 758 795 nullum
778 732 838 794 fuit
865 735 1091 800 misericordia

158 855 238 917 opus
252 834 352 914 magis
371 832 533 912 proprium
554 828 715 892 charitatis
728 829 875 892 ecclesie
891 849 988 910 quam
1008 835 1093 895 veri-

159 933 231 996 tatis
247 925 473 1010 magisterium.
490 925 545 986 list
567 926 674 985 autem
695 923 755 984 hcc
777 925 996 1003 magisterium
1017 945 1093 1005 pars

160 1025 306 1107 quaedum
319 1019 529 1083 connaturalis
550 1016 715 1095 pastoralis
735 1016 953 1080 sollicitudinis
975 1019 1009 1079 in
1031 1022 1094 1081 lic-

159 1116 264 1182 olesis.
287 1117 369 1193 Ergo
391 1114 468 1192 quot
486 1110 526 1172 ab
547 1109 686 1172 Ecclesia
706 1110 834 1173 condita
854 1111 980 1176 fuerunt
1002 1115 1093 1194 Epis-

159 1199 230 1294 copi
244 1212 296 1292 qui
319 1208 532 1288 dependentes
552 1224 572 1268 a
594 1222 741 1285 supremo
766 1206 915 1270 Pontifice
932 1209 1092 1288 guberna-

159 1314 233 1372 runt
251 1323 381 1388 gregem
403 1303 478 1380 Dei,
503 1306 549 1366 tot
571 1302 699 1363 fuerunt
721 1301 864 1382 magistri
887 1304 942 1384 qui
972 1304 1094 1384 depen-

67 1471 69 1474 ,
160 1406 269 1467 dentes
282 1401 460 1481 amagistro
468 1414 614 1477 supremo
621 1397 736 1477 singuli
749 1397 782 1459 in
792 1398 901 1460 ordine
914 1417 972 1462 suo
982 1399 1090 1480 hujus-

159 1501 246 1564 modi
259 1500 439 1579 megisterio
453 1497 552 1560 iuncti
566 1499 649 1558 sunt.

200 1596 263 1658 Sed
284 1596 344 1656 hoc
366 1592 582 1672 magisterium
606 1591 715 1670 primis
738 1591 887 1655 Ecclesia
910 1593 1032 1655 saeculis
1058 1594 1090 1656 in

160 1711 222 1757 uno
237 1690 470 1772 quodammodo
480 1688 712 1769 predicationis
722 1705 852 1749 munere
865 1691 1088 1765 exercebatur3

161 1806 219 1850 nec
233 1787 317 1848 enim
337 1785 423 1846 aliud
442 1784 587 1846 sinebant
606 1784 847 1847 circumstantie
862 1787 1019 1848 nascentis
1033 1787 1093 1848 lic·

160 1885 262 1948 clesiae
279 1882 362 1944 iuter
385 1880 562 1943 teterrimas
587 1881 858 1961 persequutiones.
883 1882 946 1944 Sed
969 1882 1021 1943 vix
1041 1901 1091 1958 ac,

160 1985 224 2044 Deo
240 1980 347 2050 dante,
357 1995 419 2056 pax
428 1975 573 2039 restituta
587 1979 644 2053 est,
657 1976 786 2038 liberius
797 1977 982 2040 exercitium
991 1980 1095 2057 putuit

161 2076 301 2139 obtinere
330 2072 446 2152 illaque
477 2089 654 2152 proponere
684 2075 715 2135 et
733 2090 921 2152 promovere
949 2074 1092 2137 institute

161 2170 274 2252 quibus
299 2168 359 2248 piae
388 2166 551 2248 docteque
580 2167 742 2230 christiani
770 2167 877 2247 populi
904 2167 1093 2233 institutioni

163 2257 391 2347 provideretur.
1010 2293 1015 2301 ·

200 2364 353 2425 Jamvero
369 2358 412 2422 nil
425 2360 526 2440 mame
540 2358 613 2421 huic
622 2358 678 2421 fini
693 2361 760 2421 erat
774 2361 988 2422 necessarium
998 2379 1094 2442 quem

161 2462 196 2524 ut
208 2457 455 2522 adolescentium
470 2455 625 2533 educatio,
636 2454 811 2534 prasertim
825 2473 901 2519 vero
917 2475 1029 2520 eorum
1039 2459 1093 2538 qui

162 2552 203 2614 ad
217 2553 333 2614 statum
354 2548 599 2612 ecclesiasticum
622 2547 829 2624 vocabantur,
853 2548 1091 2625 reformaretur,

163 2666 201 2709 ne
215 2649 274 2708 sub
287 2647 406 2707 influxu
421 2664 552 2726 pagense
566 2646 796 2725 superstitionis
814 2645 935 2708 litteras
950 2650 982 2709 et
995 2648 1093 2708 scien-

161 2743 222 2804 tias
236 2740 444 2816 addiscerent,
457 2742 514 2801 sed
529 2741 587 2802 sub
601 2739 762 2820 principiis
777 2740 954 2804 christiane
969 2742 1093 2823 religio-

162 2839 227 2913 nis;
242 2838 288 2901 ita
301 2835 456 2899 bonarum
470 2836 595 2912 artium,
612 2836 876 2916 scientiarumque
897 2838 1008 2900 notitia
1028 2842 1095 2902 tote

162 2937 194 2997 iu
207 2935 327 2998 bonum
339 2932 510 3014 religionis,
528 2935 559 2994 et
579 2931 681 2994 ultimi
694 2933 766 2994 finis
787 2933 992 3013 conspiraret.
1009 2935 1092 3012 lingo

158 3033 307 3114 jamtum
321 3029 361 3093 ab
385 3027 608 3111 antiquissimis
630 3029 828 3108 temporibus
846 3030 938 3109 plura
955 3029 1094 3110 reperire

163 3130 211 3191 ost
223 3127 256 3188 in
266 3126 478 3190 ecclesiastice
491 3124 622 3188 historie
634 3124 776 3188 institute
787 3144 857 3206 quae
867 3125 941 3188 huic
950 3125 1011 3205 piae
1021 3125 1094 3188 doc-

162 3228 266 3303 teque
277 3223 431 3302 juvenum
453 3222 632 3287 educationi
652 3223 829 3300 praesertim
842 3239 918 3286 vero
934 3221 1097 3286 ecclesias·

162 3319 296 3381 ticorum
309 3319 507 3382 insudarunt.

203 3415 343 3475 Fuerunt
356 3419 462 3477 eutem
479 3434 486 3475 :
505 3417 536 3475 l⁰
551 3415 673 3478 Scholae
687 3415 950 3477 monasteriorum
967 3417 999 3476 st
1012 3414 1096 3491 capi·

162 3508 319 3585 tutorum
337 3509 620 3574 2⁰Academiaeseu
636 3512 880 3587 Universitates3
896 3515 928 3573 3⁰
943 3511 1093 3590 collegia
