2504 4024
387 276 426 319 nn
448 274 574 321 onruoro
593 276 675 322 euers
697 275 851 324 canorum.
1042 269 1080 328 89

152 420 238 500 quod
252 421 292 481 de
308 419 399 482 oeulo
418 417 543 482 sinistro
562 419 612 482 ιιι
625 420 742 480 canonis
755 412 929 499 pr'aesertim
949 423 1081 503 intelligi

151 517 241 578 solet.

191 611 362 673 Definitum
376 611 642 689 deprehendimus
651 611 857 691 irregularem
867 611 929 673 diei
938 615 989 691 qui
999 616 1079 693 pede

150 707 245 768 laesus
264 705 307 765 sit
326 705 371 766 ita
391 708 426 766 ut
443 705 508 770 sine
529 703 643 764 baoulo
664 703 809 764 sustineri
824 722 886 766 non
900 707 1009 784 possit,
1025 715 1079 768 aut

151 821 247 863 manu
267 801 459 876 mutilatum,
475 806 530 862 aut
548 799 731 862 destitutum
751 798 848 879 digito
866 800 907 862 ad
922 801 1080 866 eucharis-

152 899 202 960 tiae
230 895 442 958 ministerium
468 896 663 973 necessario,
688 896 739 957 vel
762 896 879 975 ungula
905 895 1026 974 pollinis
1048 898 1081 957 in

153 994 265 1055 dextra
279 995 315 1053 ut
329 1009 392 1052 uon
406 992 503 1070 possit
522 1009 645 1054 saonam
663 991 798 1055 hostiam
815 993 906 1054 facile
920 993 1078 1074 frangere,

152 1089 200 1149 ιιι
215 1087 341 1158 duobus
356 1087 460 1167 digitis
474 1088 579 1148 medio
594 1092 626 1150 et
638 1091 762 1168 quarto,
777 1088 948 1167 leprosum,
965 1090 1080 1168 epilep-

152 1185 261 1260 ticum,
278 1183 499 1262 paralyticum,
521 1187 597 1257 ete.;
622 1183 677 1244 sed
696 1184 788 1261 plura
805 1174 1024 1246 remanserunt
1042 1203 1080 1246 ex

153 1280 265 1341 eodem
286 1279 440 1358 principio
462 1279 502 1340 ab
517 1278 735 1346 ecelesiasticis
752 1279 912 1359 judicibus
933 1279 1080 1342 determi-

153 1371 269 1448 nanda,
285 1371 331 1431 ita
344 1375 379 1432 ut
393 1371 600 1432 communiter
620 1371 702 1432 tradi
724 1371 833 1448 soleat,
851 1372 935 1451 quod
956 1371 1021 1432 sive
1041 1374 1080 1434 oh
1187 1423 1189 1428 .

153 1483 304 1528 sensuum
326 1466 497 1543 dolentum,
514 1465 579 1528 sive
601 1466 641 1528 oh
661 1467 875 1528 membrorum
896 1467 1078 1545 carentiam,

154 1561 218 1622 sive
240 1561 282 1622 ob
303 1561 522 1640 aegritudines,
545 1561 611 1624 sive
633 1563 672 1625 oh
695 1562 926 1624 deformitatem
952 1563 1082 1644 quilibet

153 1659 221 1720 talis
244 1660 347 1718 estut
368 1657 493 1718 omnino
517 1674 579 1718 non
599 1657 697 1736 possit
717 1657 767 1719 vel
789 1676 861 1720 oum
883 1659 996 1721 deeora
1018 1677 1081 1720 non

83 1785 87 1792 ·
153 1751 250 1829 possit
263 1768 355 1810 saera
368 1749 476 1810 munia
490 1767 647 1824 exarsere,
662 1749 843 1830 irregularis
858 1749 981 1812 evadat.

192 1845 341 1916 Befeotus
355 1849 460 1906 autem
474 1844 596 1905 morales
608 1843 713 1923 quoad
727 1846 831 1924 plures
845 1845 979 1906 morales
993 1845 1081 1907 dotes

154 1943 255 2003 solent
273 1941 410 2016 attendi,
421 1957 491 2019 quae
506 1939 547 2000 ad
562 1941 709 2001 eumdem
725 1941 821 2002 finem
842 1940 964 2003 deeorae
983 1939 1083 2000 admi-

154 2036 346 2099 nistrationis
366 2053 528 2096 sacrorum
548 2035 768 2115 requiruntur,
785 2040 817 2096 at
835 2035 963 2097 honoris
984 2038 1082 2096 status

154 2129 317 2191 oleriealis.
335 2127 516 2233 Respieiunt
529 2145 624 2188 vero:

193 2226 223 2284 ιο
238 2221 317 2283 Aliae
337 2220 496 2330 originem
504 2223 536 2282 et
549 2221 681 2282 natalis:
698 2219 838 2281 delectus
852 2214 995 2280 ootoltioo
1009 2219 1083 2280 olim

155 2320 245 2381 de'us
261 2316 425 2378 dicebatur
445 2317 513 2396 qui
520 2317 586 2378 nati
601 2319 707 2378 essent
726 2315 828 2376 servi:
845 2313 938 2375 hodie
958 2313 1083 2420 proprie

155 2415 269 2476 dieitur
282 2411 355 2473 de‘'
334 2429 374 2473 us
390 2412 442 2491 qui
457 2417 511 2474 na
512 2432 521 2472 1
498 2416 613 2474 tsunt
628 2430 666 2472 ex
680 2412 829 2472 damnato
850 2409 933 2470 ooitu
948 2409 1012 2468 sive
1028 2425 1084 2468 no-

153 2509 198 2570 thi
213 2526 252 2567 ex
266 2505 421 2581 adultera,
437 2506 503 2567 sive
517 2523 681 2579 manzeres
695 2523 733 2566 ex
746 2504 925 2583 prostituta,
943 2503 1008 2564 sive
1028 2521 1085 2562 na-

154 2606 272 2667 turales
296 2622 335 2664 ex
357 2601 546 2680 oonouhina,
571 2603 621 2664 ιιι
644 2601 783 2682 generali
807 2600 961 2664 vocabulo
985 2595 1084 2678 spurii

155 2705 282 2777 stupro,
304 2699 440 2774 ineestu,
463 2697 641 2778 sacrilegio,
666 2697 716 2759 vel
739 2697 801 2758 alia
823 2697 989 2758 inhonesta
1012 2711 1084 2755 oon·

77 2835 78 2842 ,
155 2795 314 2876 junctione
329 2795 413 2856 nati..
422 2794 461 2854 Hi
475 2795 587 2856 remoti
603 2794 729 2856 suntab
744 2793 853 2855 ordine
869 2791 1003 2853 olerieali
1017 2790 1083 2852 sive

156 2891 195 2952 ad
209 2892 359 2952 decorem
368 2893 476 2952 status
490 2909 510 2951 a
524 2909 585 2970 quo
605 2889 793 2970 prohibendi
806 2889 827 2949 ii
843 2905 977 2968 quorum
996 2887 1083 2965 origo

156 2975 223 3048 erat
244 2986 379 3048 obseura
400 2990 432 3049 et
451 2985 574 3062 vitiosa,
590 2985 704 3046 deinde
725 2988 759 3047 ut
779 2984 1085 3048 iiremoverentura
1123 3020 1127 3026 -
1200 3049 1202 3054 ,

157 3081 328 3143 ministerio
350 3081 389 3142 de
414 3082 528 3161 quihus
553 3081 689 3162 suspioio
718 3080 876 3142 oriebatur
902 3075 1084 3136 imitationis

156 3177 279 3253 paterni
293 3177 438 3255 exempli,
451 3178 578 3239 demum
588 3181 623 3239 ut
637 3179 803 3256 paternum
816 3172 970 3252 flagitium
984 3171 1085 3251 magis

157 3275 320 3354 magisque
335 3274 550 3338 damnaretur.
617 3312 619 3316 -

196 3370 313 3433 Similis
332 3372 499 3450 prudentia
513 3391 553 3432 ex
565 3368 766 3432 similitudine
786 3362 914 3431 rationis
928 3369 1085 3449 applicate

63 3498 65 3504 .
158 3471 205 3526 est
217 3465 255 3528 iis
271 3466 335 3545 qui,
351 3467 586 3548 lieetlegitimi,
603 3466 668 3530 nati
688 3467 795 3528 tamen
816 3467 905 3529 erent
925 3483 963 3526 ex
983 3465 1085 3525 haare-
