2548 4020
418 257 457 336 nn
479 290 606 337 onrncro
627 290 708 336 runis
731 289 885 336 cononici.
1056 277 1115 334 229

135 435 139 444 '
224 445 257 502 2⁰
274 439 397 520 Tempus
415 437 554 518 feriatum
567 436 645 498 illud
666 439 714 498 est
736 453 797 517 quo
821 435 937 514 nuptiae
961 436 1115 499 solemnes

183 538 224 598 ab
239 535 381 598 Ecclesia
393 533 611 614 prohibentur.
627 537 765 612 Tempus
779 532 854 594 illud
871 531 945 593 olim
963 532 1115 610 amplissi-

181 637 271 693 mum
286 630 439 706 hodierno
450 629 522 711 jure
537 629 769 709 angustioribus
782 628 923 690 terminis
933 630 1115 692 conclusum

181 731 242 805 est,
263 745 376 806 nempe
398 717 437 788 ab
452 728 599 789 Adventu
619 741 720 806 usquc
741 724 781 785 ad
802 724 1021 804 Epiphaniam,
1044 728 1075 786 et
1096 743 1114 786 a

181 825 233 884 die
251 824 399 885 Ginerum
421 823 463 885 ad
486 826 630 885 octavam
652 820 812 884 Pasobatis
830 819 1110 898 inclusiveltlone.

181 921 268 982 Trid.
286 939 310 982 s.
329 922 438 984 XXIV.
455 938 482 981 c.
500 935 530 980 X.
548 920 587 980 de
603 917 696 998 aet).
714 920 808 998 Optat
822 918 907 979 anim
921 917 1062 980 Ecclesia
1079 922 1114 980 ut

180 1018 291 1080 fideles
320 1005 406 1078 hisce
433 1015 628 1095 temporibus
656 1021 769 1078 vacent
795 1015 925 1077 liberius
958 1015 1111 1092 orationi,

176 1113 318 1194 jejuniis,
335 1113 394 1173 ete'.
412 1131 431 1173 a
445 1112 558 1192 quibus
566 1111 890 1192 abstrahunt-nuptia.
903 1110 1114 1175 Prohibentur

181 1210 241 1270 hoo
255 1211 397 1288 tempore
411 1208 646 1271 benedictiones
660 1207 815 1287 nuptiales
831 1211 861 1270 et
871 1209 992 1270 caeterae
1002 1209 1112 1270 solem·

180 1305 306 1381 nitates,
324 1323 387 1366 non
411 1307 528 1381 autem,
554 1304 706 1365 hodierno
731 1302 842 1366 saltem
861 1304 932 1383 jure
956 1307 1110 1382 spectato,

180 1403 248 1480 ipse
259 1405 439 1463 contractus
452 1399 702 1462 matrimonialis.
757 1443 760 1448 -

220 1500 252 1558 3⁰
267 1496 425 1577 Sponsob'e
439 1497 498 1559 rite
513 1499 675 1560 eontracta
689 1514 761 1558 oum
776 1515 839 1560 una
853 1512 999 1574 persona,
1013 1497 1113 1575 impe-

180 1588 276 1655 diunt
285 1593 521 1655 matrimonium
535 1611 607 1654 oum
627 1593 698 1670 alia,
722 1593 782 1655 nisi
804 1592 993 1655 interveniat
1015 1593 1111 1655 disso-

180 1688 257 1750 lutio
283 1689 341 1749 rite
365 1707 402 1750 ac
425 1689 564 1769 legitime
586 1689 688 1764 lacta3
719 1690 773 1771 qui
803 1689 886 1754 enim
914 1689 1112 1769 sponsalibus

179 1785 294 1864 ligatus
309 1783 545 1848 matrimonium
560 1787 770 1864 contraheret,
789 1787 842 1868 jus
863 1787 993 1850 alterius
1013 1788 1112 1866 partis

181 1880 313 1942 laederet
325 1901 332 1942 :
345 1883 429 1943 uude
438 1883 597 1962 sponsalia
603 1883 675 1964 jure
686 1883 781 1945 etiam
791 1883 926 1946 naturali
936 1884 1111 1964 impediunt

179 1977 427 2041 matrimonium.

220 2079 254 2135 4⁰
288 2074 390 2136 Votum
413 2075 546 2155 simplex
565 2076 735 2152 castitatis,
767 2079 823 2139 aut
848 2080 956 2139 votum
979 2079 1111 2156 simplex

177 2170 396 2250 ingredienda
411 2173 582 2252 religionis,
606 2171 785 2238 assumendi
808 2171 950 2234 ordinem
971 2191 1107 2251 sacrum,

178 2266 822 2348 impeditmatrimoniumcontrabendum,
836 2267 1029 2330 omniseuim
1039 2288 1109 2348 pro-

176 2363 284 2425 missio
307 2365 372 2425 Deo
396 2365 480 2427 faota
499 2369 530 2426 et
549 2365 589 2427 ab
608 2384 645 2428 eo
666 2368 830 2444 acceptata
847 2364 968 2426 inducit
988 2365 1112 2446 obliga-

176 2460 297 2522 tionem
321 2461 496 2541 exequendi
522 2479 616 2542 opere
638 2461 671 2522 id
700 2461 785 2542 quod
811 2460 870 2522 fuit
898 2461 1106 2540 promissum

174 2573 270 2636 porro
285 2557 520 2620 matrimonium
533 2557 698 2620 induceret
712 2559 938 2639 obligationem
952 2563 1025 2621 voto
1037 2559 1107 2619 sim-

174 2649 264 2730 plicis
282 2652 482 2716 continentiae
506 2655 709 2732 contrarium,
735 2655 879 2736 adeoque
903 2655 1009 2718 illicite
1035 2673 1110 2716 con-

172 2747 371 2824 traheretur,
402 2748 461 2809 nisi
488 2750 600 2811 saltem
627 2756 736 2836 uotum
763 2757 835 2830 post
858 2753 1020 2831 sponsalia
1040 2752 1109 2832 jam

173 2843 335 2904 contracta
349 2836 498 2904 omissum
512 2842 616 2920 fuerit,
629 2863 691 2926 quo
707 2863 782 2907 casu
798 2865 855 2908 uec
869 2845 1108 2908 matrimonium

162 2935 318 3015 impedit,
337 2953 394 2998 uec
408 2938 576 3016 sponsalia,
593 2957 631 3000 ex
644 2947 734 3018 parte
749 2941 903 3016 voventis,
921 2938 1049 3001 dirimit.

223 3069 249 3112 B.
262 3068 294 3112 De
306 3069 419 3125 disciplina
431 3069 575 3115 ecclesiastica
586 3070 608 3115 iu
620 3071 695 3117 ordine
704 3071 732 3115 ad
743 3073 903 3116 matrimonium
914 3074 1057 3116 contractum.

255 3165 296 3216 Qui
306 3165 467 3210 matrimonium
476 3179 579 3211 accusare
589 3169 683 3222 possint,
693 3169 728 3212 cet
736 3171 814 3212 contro
821 3167 880 3212 'illud
890 3169 1003 3225 testificari
1010 3173 1028 3211 1.

218 3266 236 3305 c
245 3245 370 3320 Quinem
379 3247 579 3310 admittamur
587 3249 627 3310 ad
638 3251 850 3336 accusandum
858 3251 1103 3331 matrimonium,

173 3339 223 3400 vel
237 3341 468 3405 testificandum
483 3350 592 3407 contra
605 3345 706 3406 illud?
727 3346 758 3408 Si
779 3355 892 3427 agatur
911 3352 1021 3412 contra
1040 3365 1108 3411 ma·

210 3514 294 3568 ¹Add.
313 3529 347 3568 ex
362 3518 492 3584 Pirlriug,
507 3519 525 3570 l.
537 3521 582 3584 lV,
597 3519 712 3583 Deerat,
727 3522 769 3572 tit.
783 3533 844 3574 v111.
