2476 4022
160 259 201 318 20
366 273 597 346 rnsrrrorrouss
618 275 700 320 rums
722 275 877 322 cenorum.

157 417 313 498 jamtum
338 436 357 478 a
379 416 481 495 prima
498 417 645 479 Ecclesiae
668 418 850 480 fundatione
875 419 941 480 sive
965 420 1090 481 adultos

159 511 225 571 sive
240 511 387 588 parvulos
406 509 531 571 admisit
549 510 589 570 ad
611 511 780 590 baptisma
806 511 860 571 sed
882 530 921 571 ne
945 511 1011 572 sine
1034 512 1090 572 de·

158 608 242 668 lectu
277 610 308 670 et
340 607 557 686 imprudenter
585 606 645 667 hoc
676 624 826 687 magnum
858 607 1089 689 justificationis

158 700 276 761 donum
297 700 532 777 dispensaretur
551 699 741 777 hominibus,
758 701 849 778 plura
863 699 1003 762 decrevit
1023 701 1089 762 sive

157 814 215 874 pro
230 795 412 871 infantibus
433 797 498 858 sive
517 812 575 874 pro
594 794 710 857 adultis
732 795 888 857 servanda
909 796 949 857 ad
970 794 1090 857 licitam

157 891 305 971 baptismi
319 891 529 953 collationem.

547 999 683 1044 maaca.

197 1085 248 1144 lv.
270 1083 361 1144 Initio
382 1082 542 1160 Ecclesia,
566 1083 653 1144 nulla
674 1084 859 1164 interposita
879 1102 988 1164 mora,
1010 1088 1088 1167 bap·

156 1178 266 1238 tismus
290 1177 358 1238 dari
377 1178 576 1238 consuevisse
595 1178 730 1257 videtur,
745 1199 849 1259 uuum
869 1199 942 1241 enm
960 1200 1089 1262 suseep-

156 1277 246 1336 turus
260 1291 352 1335 suum
363 1272 430 1352 jam
443 1273 643 1353 patefecisset
661 1274 801 1336 animum
817 1278 942 1354 pietatis
963 1281 994 1339 et
1014 1279 1089 1340 reli-

156 1368 257 1448 gionis
285 1369 432 1448 plenum,
462 1369 598 1448 fideique
626 1371 775 1448 mysteria
802 1373 1002 1451 percepisset.
1039 1375 1087 1436 Ita

156 1466 276 1540 Acten,
294 1481 361 1541 v111,
378 1467 427 1540 36,
445 1463 560 1525 dicenti
582 1467 727 1527 eunucho
745 1487 751 1528 :
778 1489 792 1525 «
811 1467 888 1530 Ecce
901 1487 991 1549 aquo,
1015 1468 1089 1550 quid

153 1557 286 1637 probibet
319 1575 364 1616 me
391 1555 539 1635 baptizari
546 1554 561 1616 ?
583 1578 598 1614 a
627 1557 711 1619 dicet
734 1558 763 1618 ei
787 1560 947 1639 Philippus
973 1579 979 1620 :
1005 1582 1020 1618 n
1048 1558 1089 1620 Si

155 1653 246 1714 creda
259 1657 296 1714 etc
310 1660 368 1712 toto
382 1651 466 1711 eorde
479 1651 546 1712 licet
555 1671 568 1728 ,·
583 1673 597 1710 u
618 1655 649 1713 et
662 1653 857 1732 respondens
871 1655 914 1716 ait
930 1673 937 1714 ε
960 1674 973 1710 u
989 1651 1084 1716 Credo

154 1748 251 1829 fllium
261 1748 318 1809 Hei
324 1766 382 1808 esre
392 1746 487 1808 lecum
501 1745 684 1809 Christum.»
697 1750 737 1809 m
742 1748 836 1827 jussit
845 1753 928 1811 stare
938 1765 1081 1822 currum;

155 1852 187 1906 et
200 1842 430 1906 descenderunt
444 1845 576 1922 uterque
598 1843 631 1903 in
650 1861 775 1922 aquam,
798 1844 959 1923 Philippus
978 1847 1009 1906 et
1029 1861 1086 1902 en-

155 1941 275 2000 nuchus
296 1942 328 2000 et
346 1937 516 2016 baptizavit
537 1956 619 1998 eum.
635 1972 676 1984 -
689 1939 771 2000 Act..
794 1955 824 2015 x,
841 1942 892 2014 48,
915 1942 1083 2018 postquam

154 2039 264 2097 Petrus
291 2033 421 2096 vidisset
447 2032 603 2094 mirabilia
630 2051 700 2114 quae
725 2034 910 2096 accidebant
931 2035 964 2094 in
987 2034 1081 2095 domo

154 2129 355 2205 centurionis,
371 2128 477 2190 aiebat
493 2147 500 2190 :
527 2150 542 2187 u
555 2128 709 2209 Numquid
722 2149 830 2210 uquam
848 2131 913 2210 quis
930 2129 1084 2208 proludere

152 2222 291 2307 potestat
306 2245 362 2287 non
377 2225 599 2306 baptizarentur
609 2224 702 2304 tiqui
715 2225 864 2305 Spiritum
875 2225 1016 2288 Sanctum
1032 2243 1081 2286 oe·

152 2331 287 2403 emanat
299 2323 372 2384 siem
385 2330 413 2382 et
425 2321 502 2383 nus?
514 2344 529 2380 u
550 2323 589 2382 Et
599 2319 693 2401 jussit
706 2340 760 2383 eos
775 2321 939 2400 baptizari,
960 2325 1020 2384 etc.
1035 2344 1084 2368 ·-

153 2422 375 2484 Verumtamen
408 2436 505 2496 quum
534 2417 713 2497 hujusmodi
748 2419 877 2481 effectus
911 2418 1082 2485 subitanea

153 2514 364 2580 conversionis
379 2517 410 2575 st
428 2513 513 2574 omni
533 2533 629 2576 censu
651 2519 851 2593 portentosae,
876 2534 946 2597 quae
965 2515 1082 2597 passim

153 2609 338 2672 accidebant
352 2613 384 2670 et
406 2609 695 2688 multiplicabantur
715 2611 746 2671 in
768 2612 918 2690 primaeva
935 2611 1082 2674 Ecclesia

152 2705 345 2781 fundatione,
365 2705 499 2766 remores
514 2705 685 2768 evasissent
698 2707 837 2768 Ecclesia
850 2707 915 2787 jam
936 2706 1078 2785 fundata,

153 2806 184 2865 et
197 2803 307 2862 contra
321 2799 512 2878 experientia
533 2799 690 2863 docuisset
710 2803 866 2864 nonsatis
888 2805 990 2864 tutam
1012 2819 1080 2862 esse

151 2899 246 2960 fidem
261 2896 385 2957 illorum
395 2895 449 2974 qui
458 2894 524 2956 sine
535 2896 673 2975 periculo
685 2899 715 2958 et
724 2898 911 2978 probatione
925 2898 1080 2978 baptismo

152 3000 255 3058 essent
269 2992 390 3068 initiati,
409 2992 538 3054 inducta
552 2999 625 3054 sunt
638 2992 785 3075 quaedam
798 2995 967 3072 'tyrocinia
984 2994 1024 3055 ab
1043 2995 1080 3055 iis

151 3091 316 3152 subeunda
336 3089 389 3168 qni
411 3088 451 3149 ad
471 3088 629 3166 baptisma
649 3089 890 3166 contenderent,
914 3090 945 3149 in
967 3089 1078 3170 quibus

150 3186 275 3245 illorum
289 3185 406 3245 honum
421 3185 616 3263 propositum
633 3184 833 3263 probaretur,
856 3189 891 3246 ut
911 3185 971 3263 piis
991 3202 1080 3247 exem

152 3280 350 3341 citationibus
364 3283 396 3341 et
406 3279 475 3360 jugi
490 3280 657 3355 catechesi,
673 3279 706 3339 in
728 3297 791 3358 qna
809 3279 883 3340 fidei
905 3285 936 3341 et
956 3296 1079 3340 morum

151 3377 293 3438 doctrina
306 3375 500 3453 tradebatur,
518 3377 761 3455 disponerentur
775 3376 815 3436 ad
834 3376 990 3455 baptisma
1010 3393 1091 3444 sus-¹

151 3471 340 3552 cipiendum.
1066 3477 1069 3483 ·
