2548 4020
438 279 476 322 ne
498 277 626 323 opsecro
645 278 728 323 rums
750 277 905 323 canonem.
1076 265 1135 324 265

204 423 274 497 eici,
291 439 386 501 quam
400 419 532 482 dicimus
546 419 676 502 officium
696 419 840 494 ditinum,
865 421 905 482 de
928 438 991 500 quo
1013 421 1136 503 egimus

204 520 369 596 loquentes
383 515 422 578 de
437 517 621 579 clericorum
636 516 754 578 officiis.

176 653 179 658 ·
245 615 306 678 Sed
334 615 401 676 baec
428 613 537 674 orandi
563 613 730 676 methodus
765 630 836 692 quaa
864 615 1040 676 communis
1068 623 1135 678 erat

173 783 175 788 ,
204 711 351 774 Ecclesiae
366 708 541 790 primordiis
557 716 588 772 et
601 708 720 771 deinde
734 709 843 780 studiis
863 709 1042 770 monasticis
1063 729 1136 790 per·

168 812 171 817 '
204 807 313 870 lectior
327 805 449 868 reddite
463 811 510 866 est
524 811 555 866 et
573 804 603 865 in
621 805 724 867 varias
743 805 837 866 horas
856 806 1033 879 distributa,
1056 826 1135 886 pau-

204 903 288 965 latim
302 901 384 964 facta
399 903 447 963 est
460 899 646 963 clericorum
660 902 795 982 propria,
818 903 872 980 qui
896 901 937 962 ad
955 902 1041 962 illam
1062 903 1133 963 fun-

204 997 348 1062 dendam
366 998 587 1078 precipiantur
618 998 664 1060 vel
699 998 843 1078 publice,
881 999 931 1060 vel
965 997 1134 1076 privatim,

205 1096 358 1175 siqnidem
387 1095 419 1155 in
445 1095 542 1156 sacris
569 1095 724 1157 constituti
753 1098 835 1168 sunt,
865 1094 916 1155 vel
944 1093 1134 1156 beneficium

204 1189 447 1254 ecclesiasticum
475 1191 624 1252 obtinent.
650 1189 777 1251 Publica
801 1195 906 1252 autem
930 1194 961 1253 et
984 1190 1135 1252 solemnis

204 1287 295 1349 officii
310 1287 404 1362 divini
420 1285 589 1366 persolutio
603 1284 638 1346 fit
652 1301 670 1344 a
684 1281 843 1346 canonicis
853 1284 885 1344 in
895 1283 1066 1363 collegiatis
1081 1289 1135 1344 aut

203 1380 432 1443 cathedralibus
446 1377 596 1456 ecclesiis,
614 1393 714 1456 caque
730 1377 870 1456 quotidie
889 1377 974 1440 velut
997 1377 1134 1456 antiquae

203 1476 369 1557 vestigium
383 1475 569 1554 disciplinae.

243 1573 317 1632 Haec
331 1569 384 1631 diu
397 1570 517 1640 directa
532 1572 580 1632 cst
598 1585 658 1648 ope
676 1569 826 1631 librorum
851 1568 1134 1630 ecclesiasticorum

203 1667 257 1746 qui
280 1667 467 1729 dicebantur
493 1665 650 1744 psalteria,
681 1665 874 1742 lectionaria,
904 1664 1133 1745 antiphonaria,

202 1763 389 1839 homiliaria,
404 1762 590 1842 hymniaris,
607 1762 813 1842 passionario,
837 1762 1023 1836 collectaria,
1051 1779 1135 1822 mar·

202 1859 366 1940 tyrologia,
378 1859 409 1918 in
420 1857 534 1936 quibus
544 1859 651 1937 paucis
667 1859 772 1920 verbis
786 1858 958 1936 litterisque
968 1856 1135 1918 rubentibus

202 1971 332 2035 precum
346 1960 555 2035 gestunmque
575 1953 651 2014 ordo
672 1952 847 2028 notabatur,
868 1950 952 2012 unde
967 1955 1047 2012 natae
1063 1957 1135 2012 sunt
1178 1943 1181 1948 ’

202 2051 328 2112 rubrica
341 2051 454 2110 harum
469 2049 729 2110 ceremoniarum
744 2045 872 2110 indices.

242 2149 354 2208 Postea
369 2145 550 2206 universum
565 2142 701 2206 officium
718 2143 752 2204 in
772 2159 870 2204 unum
893 2141 1040 2202 volumen
1059 2159 1133 2202 con-

201 2242 294 2304 traxit
321 2242 353 2304 ὃ.
384 2241 551 2320 Gregorius
571 2239 624 2302 Vll
647 2240 707 2301 sub
731 2238 827 2299 finem
855 2237 1027 2314 semiim,
1050 2236 1133 2315 qnod

202 2339 318 2401 dictum
334 2338 381 2400 est
395 2336 595 2413 breviarium,
612 2335 696 2414 quod
711 2334 824 2397 deinde
839 2336 925 2416 juxta
941 2335 1047 2395 votum
1068 2333 1135 2393 'l'ri-

202 2432 320 2496 dentini
349 2431 473 2494 concilii
500 2447 576 2494 sess.
607 2433 646 2492 25
675 2437 849 2493 correctum
877 2432 925 2492 est
951 2427 1134 2490 auctoritte

202 2532 232 2592 S.
250 2530 294 2591 Pii
308 2528 335 2589 V
349 2529 463 2590 saeculo
486 2543 547 2603 xm,
563 2534 594 2590 ct
608 2527 754 2588 omnibns
769 2527 907 2596 ecclesiis
928 2525 1132 2606 propositum,

202 2625 275 2688 date
290 2625 433 2688 libertate
448 2622 592 2687 servandi
607 2622 702 2684 alium
718 2623 861 2686 ordinem
874 2622 934 2686 illis
943 2626 1066 2686 tantum
1080 2623 1133 2702 qni

202 2722 355 2785 haberent
375 2723 441 2799 jam
464 2723 532 2782 tum
553 2739 571 2782 a
595 2739 652 2782 sue
676 2718 776 2800 prima
799 2719 992 2784 institutione
1019 2721 1134 2782 esede

203 2819 553 2900 apostolicaprobatum
566 2811 617 2880 v'el
631 2816 857 2882 consuetudine
871 2819 1023 2880 ducentos
1033 2835 1134 2878 nunes

203 2915 370 2992 superante
397 2918 563 2976 retentum.
595 2911 657 2975 Gir.
682 2913 787 2978 Gonst.
816 2911 897 2986 Quod
919 2930 937 2972 a
961 2910 1041 2971 cotie
1063 2928 1132 2989 quae

202 3008 345 3086 praemitti
361 3006 438 3070 solet
451 3006 625 3070 breviariis.

240 3102 303 3165 Sed
317 3121 379 3164 uon
393 3103 465 3166 ideo
480 3104 553 3182 quia
566 3103 635 3164 haec
649 3101 798 3183 precandi
808 3101 976 3164 methodus
987 3099 1071 3162 iacta
1085 3109 1132 3164 est

200 3197 383 3258 clericorum
397 3197 531 3276 propria,
549 3213 683 3275 eamque
697 3197 729 3256 in
753 3194 891 3257 ecclesiis
912 3195 1038 3276 publice
1060 3214 1132 3276 per-

201 3294 322 3356 solvent
335 3293 387 3373 qui
403 3294 497 3355 choro
513 3295 586 3356 sunt
597 3291 722 3368 addicti,
739 3291 888 3354 remansit
903 3295 1001 3354 status
1011 3291 1130 3354 laicalis

200 3390 267 3452 sine
282 3408 374 3471 prece
389 3390 547 3453 communi
569 3389 602 3450 in
625 3387 774 3453 Ecclesia.
790 3390 869 3451 Nam
893 3407 949 3470 pro
972 3388 1129 3452 elemento

201 3486 270 3548 vitae
285 3493 443 3569 perpetuae
459 3505 521 3566 qno
536 3485 653 3567 gaudet
667 3485 819 3566 Ecclesia,
836 3492 964 3569 propter
975 3486 1060 3566 quod
1071 3503 1133 3546 non
