2530 4016
384 313 422 358 ou
443 313 572 360 caruero
592 316 675 362 rums
697 317 852 366 01101101.
1026 313 1083 371 297

100 506 102 510 .
152 459 242 521 dines
256 456 425 531 militares;
442 457 538 520 immo
553 465 584 523 et
594 460 720 522 ordines
731 462 870 542 religiosi
879 470 1084 545 apparuerint

152 553 282 634 speciali
294 554 389 616 modo
403 553 502 615 dediti
522 573 604 619 curae
624 549 831 637 infirmoriir‘n,
857 561 910 642 qui
932 564 981 624 vel
1002 585 1086 628 nova

152 650 211 712 sihi
226 649 393 729 hospitalia
407 658 584 730 erexerunt,
601 653 652 717 vel
667 657 811 719 veterum
825 655 876 718 hio
889 657 954 720 illic
975 677 1084 722 curam

152 753 370 827 susceperunt.

192 842 256 904 Sed
270 843 359 905 tanta
372 861 443 924 quae
458 848 526 908 erat
540 845 699 924 primitivo
718 847 790 928 jure
813 849 984 912 auotoritas
1005 852 1085 932 epis·

153 955 305 1018 caporum
328 940 412 1001 circa
433 941 640 1022 temporalem
664 942 760 1005 etiam
783 945 1085 1009 administrationem

152 1032 366 1112 hospitalium,
377 1037 480 1098 tractu
489 1036 639 1116 temporis
653 1037 821 1100 imminuta
831 1043 878 1103 est
887 1042 952 1103 sivo
962 1041 1085 1104 ration'e

152 1128 385 1208 exemptionum
400 1147 477 1210 quas
492 1130 546 1192 hic
560 1131 622 1194 illio
643 1132 845 1211 hospitalium
863 1140 1004 1197 rectores
1027 1135 1084 1196 sibi

152 1228 432 1302 comparaverunt,
464 1225 529 1288 sive
555 1227 653 1305 ¹etiam
680 1245 719 1288 ex
742 1247 779 1290 eo
807 1229 892 1308 quod
920 1225 1087 1310 hospitalia

153 1324 259 1384 ereata
272 1321 305 1382 in
317 1320 443 1384 titulum
457 1328 489 1386 et
501 1323 701 1400 beneficium,
719 1325 834 1387 collata.
846 1325 878 1386 in
893 1326 1086 1406 singularem

151 1416 456 1481 administrationem
485 1421 589 1483 0101101
611 1421 800 1499 beneficiati,
825 1421 894 1485 visa
915 1425 989 1484 sunt
1010 1442 1085 1503 quo-

153 1513 323 1577 dammodo
350 1514 528 1577 substracta
555 1515 595 1576 ah
617 1514 715 1576 oeulis
736 1533 792 1576 seu
814 1514 1083 1578 administratione

152 1609 382 1688 episcoporum.
399 1611 498 1672 Immo
513 1611 629 1674 saeculo
650 1627 704 1674 xlv
724 1610 928 1691 hospitalium
945 1611 1086 1693 preelecti

152 1707 218 1770 sive
239 1705 353 1783 cleriei,
370 1707 435 1769 sive
456 1706 528 1768 laici
550 1706 702 1786 paulatim
716 1708 761 1770 ita
781 1709 927 1770 excutere
942 1709 1088 1770 visisunt

152 1801 365 1882 episcopalem
378 1803 585 1882 vigilantiam,
608 1809 643 1864 ut
663 1803 820 1884 episcopis
838 1805 980 1884 remotis,
1002 1801 1086 1868 loco·

152 1914 223 1959 rum
238 1897 363 1976 piorum
375 1897 461 1960 bona
474 1897 506 1958 in
521 1915 594 1959 suns
613 1915 688 1958 usus
711 1897 839 1959 liberius
860 1899 1085 1978 impenderint.

192 1994 272 2055 Huic
286 1993 369 2082 malo
384 2010 553 2054 occurrens
568 1991 735 2054 concilium
755 1994 932 2057 viennense
947 1995 1087 2057 decrevit
1190 2077 1193 2083 Ι

153 2089 325 2152 annotatt
343 2089 428 2169 quod
451 2088 536 2150 nulla
555 2089 698 2151 obstante
721 2089 917 2168 exemptione
936 2091 1086 2169 patrimo-

152 2184 239 2246 nium
254 2185 457 2264 hospitalium
471 2185 512 2246 ad
526 2203 618 2246 suum
632 2183 826 2264 primitivum
845 2203 936 2246 usum
954 2187 1083 2248 reduce·

152 2285 251 2359 retur,
267 2299 325 2342 neo
339 2281 473 2360 amplius
487 2286 639 2361 tanquam
659 2280 813 2342 beneficia
832 2286 864 2341 et
881 2281 964 2343 tituli
988 2284 1085 2344 ecolo-

152 2377 269 2442 siastioi
283 2376 520 2452 conferrentur3
543 2377 600 2439 sed
620 2377 746 2438 illorum
765 2375 994 2438 administratio
1019 2376 1085 2438 ido-

123 2471 219 2534 'neis
246 2474 320 2535 viris
348 2468 584 2550 concederetur,
615 2473 669 2552 qui
698 2473 738 2534 ad
766 2473 866 2535 instar
890 2474 1031 2533 tutorum
1054 2476 1086 2534 et

151 2574 332 2632 curatorum
343 2569 559 2651 juramentum
574 2572 735 2649 praestare,
757 2567 968 2630 inventarium
990 2569 1084 2628 confr-

153 2681 224 2726 oere
239 2667 271 2727 et
290 2665 456 2727 ordinariis
481 2657 650 2746 quotannis
670 2663 823 2726 rationem
844 2663 976 2725 reddare
999 2666 1085 2726 tene-

152 2763 271 2833 rentur,
288 2759 338 2821 vel
353 2760 421 2822 aliis
436 2760 550 2841 quihus
570 2761 609 2822 da
627 2760 699 2842 jure
721 2763 923 2840 competeret,
947 2761 1085 2839 exceptis

151 2859 274 2918 tantum
307 2857 513 2937 hospitalibus
541 2858 688 2921 ordinum
720 2859 950 2940 religiosorum.
981 2859 1085 2937 Inqui-

152 2955 256 3014 rentes
279 2953 312 3013 in
336 2953 658 3033 administrationem,
684 2958 740 3036 qui
762 2944 882 3017 rectam
909 2953 994 3015 illam
1022 2971 1085 3014 nou

152 3049 364 3129 agnovissent,
381 3055 512 3130 possunt
525 3052 558 3113 in
572 3052 632 3113 sibi
646 3051 805 3130 subjectos
819 3067 881 3110 non
892 3048 972 3109 bene
988 3048 1085 3111 admi-

152 3140 320 3204 nistrantes
339 3145 525 3208 auctoritate
544 3144 683 3224 propria,
704 3144 737 3204 in
759 3145 919 3221 exemptos
941 3141 1086 3222 delegata

152 3236 312 3300 Pontificis
339 3241 526 3304 auctoritate
558 3239 751 3320 procedere,
784 3239 916 3320 locaque
945 3238 1014 3318 ipsa
1035 3257 1086 3301 re-

152 3329 300 3396 formare.

192 3430 230 3492 V.
247 3429 421 3495 Concilium
436 3431 666 3511 Tridentinum,
684 3435 835 3496 renovato
855 3429 977 3494 aoncilii
992 3432 1085 3496 Vien-

951 3529 997 3582 lt*
