2476 4022
368 313 408 358 nn
429 309 557 358 cornero
577 313 659 360 roais
681 313 836 362 canorum.
1029 305 1068 366 83

132 457 192 518 tias
208 473 281 517 cum
295 457 356 516 hac
371 453 549 516 conditione
563 455 718 534 concedit,
732 459 768 519 ιιι
780 459 1005 536 poenitentibus
1021 479 1069 522 sa·

132 551 245 614 lutaris
265 550 452 631 poenitentia
472 549 667 632 injungatur,
689 554 720 614 et
739 551 807 614 haec
826 553 977 633 injuncta,
999 561 1068 618 tum

132 649 265 726 propter
278 647 522 723 sacramentum,
533 651 602 708 tum
617 663 681 727 qua
693 647 879 728 plerumque
893 650 929 710 ιιι
941 651 1068 713 medici·

133 743 214 804 nolis
228 741 340 828 peragi
356 741 460 803 debet.

174 840 332 900 Ceterum
347 835 432 916 quod
445 835 586 898 Ecclesia
604 836 711 915 posset
731 854 810 916 opus
830 837 925 898 etiam
945 835 1069 917 injunc-

134 937 202 994 tum
215 931 416 1019 imminuere,
433 938 639 1009 commutare,
655 932 854 994 etiamsinon
873 951 892 994 a
910 932 982 1013 jure
1001 935 1068 994 tan·

135 1035 202 1088 tum
215 1026 394 1107 injunctum
408 1025 458 1104 sit,
475 1026 531 1087 sed
546 1029 576 1089 et
590 1045 609 1088 a
623 1027 797 1090 sacerdote.

173 1124 375 1187 Maldonatcs
390 1121 429 1182 de
442 1120 565 1202 indulg.
583 1141 615 1202 q.
631 1125 661 1200 i,
677 1141 710 1201 p.
727 1126 777 1200 ii,
792 1121 939 1202 intelligit
953 1125 1007 1186 aut
1020 1123 1069 1183 iu-

134 1221 236 1282 flictos
257 1219 290 1280 in
311 1221 507 1280 sacramento
528 1219 739 1298 poenitentias,
760 1222 815 1281 aut
835 1219 977 1280 decretas
996 1219 1069 1300 jure

136 1314 363 1388 ecclesiastem
384 1315 530 1376 Bellarm.
552 1317 676 1376 tantum
689 1314 722 1375 in
736 1317 932 1376 sacramento
946 1315 1069 1394 injunc-

135 1416 197 1487 tas;
215 1413 249 1473 S.
265 1411 377 1473 Thom.
396 1412 427 1471 et
440 1409 493 1471 alii
508 1428 571 1471 non
584 1413 708 1472 tantum
722 1428 741 1471 a
755 1409 856 1488 poenis
870 1425 933 1470 non
947 1408 1067 1489 injunc-

135 1509 184 1585 tis,
209 1507 267 1569 sed
292 1506 387 1568 etiam
413 1505 454 1567 ab
478 1505 538 1567 iiiia
561 1523 632 1584 quae
659 1505 786 1567 fuerunt
809 1521 829 1565 a
851 1504 1014 1566 sacerdote
1035 1504 1069 1566 in

135 1603 335 1664 sacramento
355 1599 516 1680 injuncta.
538 1600 618 1664 Vide
637 1600 857 1678 Liebermenn,
880 1616 911 1679 p.
934 1603 1004 1663 253.
1028 1601 1068 1662 de

134 1685 256 1776 indulg.
268 1697 302 1757 in
312 1695 426 1776 object.
439 1698 550 1758 contro
562 1695 809 1776 propositionem
822 1713 863 1756 an
875 1696 1068 1775 poenitentiae

134 1792 272 1854 liberent
293 1810 313 1853 a
334 1809 430 1870 poena
453 1807 560 1852 coram
583 1791 660 1852 Deo.
681 1790 833 1868 Relinquo
856 1789 1012 1870 theologia
1033 1793 1069 1852 ιιι

135 1887 290 1949 definiant
303 1904 467 1966 quousque
486 1886 555 1948 haec
572 1889 711 1964 potestas
732 1884 999 1964 indulgentiarum
1014 1903 1069 1946 ex·

134 1984 222 2046 tendi
235 1982 335 2063 possit
349 1982 453 2062 quoad
463 1980 708 2044 satisfactionem
717 1980 905 2042 sacramenti
913 1980 1068 2060 poeniten·

134 2082 195 2157 tie,
213 2079 304 2140 salva
322 2078 420 2158 ipsius
438 2078 626 2141 sacramenti
640 2079 764 2154 natura,
782 2078 814 2137 et
832 2075 894 2137 elia
914 2093 985 2155 qna
1006 2076 1068 2136 huc

135 2174 305 2255 pertinent.
408 2215 411 2220 -

174 2269 401 2332 Animadverte
415 2268 501 2350 quod
515 2268 620 2350 aliquo
631 2267 726 2336 modo
737 2264 907 2328 satisfactio
922 2263 981 2324 dici
996 2282 1069 2343 poa·

135 2367 174 2429 sit
188 2370 221 2428 et
235 2366 336 2443 dolor,
354 2370 385 2428 ei
399 2365 564 2448 coqfessio,
582 2371 613 2426 et
631 2363 827 2443 propositum
843 2358 1067 2436 satisfaciendi,

136 2459 167 2516 et
179 2455 378 2535 indulgentia
389 2454 423 2516 in
437 2455 497 2516 hoe
507 2472 583 2517 casu
597 2471 660 2515 non
675 2454 796 2517 relaxat
808 2453 965 2533 integram
979 2453 1069 2515 satis·

135 2551 316 2627 factionem,
341 2550 399 2613 sed
418 2553 551 2630 partem,
575 2555 607 2614 et
626 2549 702 2614 licet
721 2550 879 2632 integram
899 2550 1067 2627 relaxaret,

137 2664 207 2706 eam
221 2645 378 2708 relaxaret
392 2646 614 2709 commutando
628 2647 661 2707 in
675 2646 759 2708 aliud
774 2665 854 2726 opus
872 2647 1069 2710 meritorium

137 2743 222 2822 quod
244 2741 286 2803 ad
306 2742 562 2805 sufisiaciendum
582 2746 688 2823 posset
708 2743 859 2820 ordinari,
883 2746 914 2807 et
936 2744 1069 2825 proinde

136 2837 278 2901 Ecclesia
297 2838 393 2900 veluti
415 2842 624 2911 commutaret
642 2841 861 2920 poenitentiam
880 2841 1075 2922 injunctam„

123 2937 177 2997 -Αι
190 2940 311 2996 certum
327 2935 472 3016 estquod
487 2953 577 2998 mens
590 2937 738 3000 Ecclesiae
753 2937 793 2999 sit
810 2955 872 2998 non
888 2935 1069 2998 condonare

137 3028 231 3091 hodio
245 3047 303 3108 per
319 3029 550 3111 indulgentiam
568 3031 795 3095 satisfactiones
813 3031 970 3111 injunctas
985 3047 1005 3090 a
1019 3047 1071 3090 sa-

138 3126 265 3189 cerdote
278 3125 313 3185 in
326 3130 534 3191 sacramento.

174 3228 206 3286 2⁰
221 3226 291 3286 Non
305 3225 458 3286 habemus
473 3225 617 3307 exempla
630 3223 899 3305 indulgentiarum
912 3223 1069 3303 plenaria-

138 3339 208 3384 rum
228 3321 262 3383 in
283 3317 414 3402 antiqua
434 3321 608 3402 disciplina.
631 3317 855 3403 Antiquissima
875 3320 1000 3384 videtur
1017 3323 1072 3385 iila

9 3491 10 3516 χ
139 3435 234 3498 quam
247 3418 379 3500 largitus
393 3423 450 3495 est,
463 3419 495 3479 in
510 3421 603 3481 Gonc.
617 3419 868 3495 Claramontano,
881 3437 963 3481 auno
981 3421 1068 3492 1096,

9 3519 11 3529 “
139 3533 207 3578 ean.
233 3521 252 3579 2
275 3515 372 3596 (apud
392 3515 524 3594 Labhe,'
540 3517 625 3577 tomo
649 3517 675 3577 X
700 3513 888 3594 concilior,
914 3513 973 3577 col.
999 3513 1071 3592 507)
