<?xml version="1.0" encoding="UTF-8"?>
<!DOCTYPE html PUBLIC "-//W3C//DTD XHTML 1.0 Transitional//EN"
    "http://www.w3.org/TR/xhtml1/DTD/xhtml1-transitional.dtd">
<html xmlns="http://www.w3.org/1999/xhtml" xml:lang="en" lang="en">
 <head>
  <title>
</title>
<meta http-equiv="Content-Type" content="text/html;charset=utf-8" />
  <meta name='ocr-system' content='tesseract 3.04.00' />
  <meta name='ocr-capabilities' content='ocr_page ocr_carea ocr_par ocr_line ocrx_word'/>
</head>
<body>
  <div class='ocr_page' id='page_1' title='image "./institutionesju00marigoog_0134.png"; bbox 0 0 2504 4024; ppageno 0'>
   <div class='ocr_carea' id='block_1_1' title="bbox 381 287 1077 346">
    <p class='ocr_par' dir='ltr' id='par_1_1' title="bbox 381 287 1077 346">
     <span class='ocr_line' id='line_1_1' title="bbox 381 287 1077 346; baseline 0.011 -8"><span class='ocrx_word' id='word_1_1' title='bbox 381 295 420 338; x_wconf 84' lang='lat' dir='ltr'>nr</span> <span class='ocrx_word' id='word_1_2' title='bbox 442 293 571 340; x_wconf 79' lang='lat' dir='ltr'>omncro</span> <span class='ocrx_word' id='word_1_3' title='bbox 590 295 672 342; x_wconf 78' lang='lat' dir='ltr'>rums</span> <span class='ocrx_word' id='word_1_4' title='bbox 695 297 849 344; x_wconf 76' lang='lat' dir='ltr'>cenoman</span> <span class='ocrx_word' id='word_1_5' title='bbox 939 289 948 302; x_wconf 85' lang='grc'><em>·</em></span> <span class='ocrx_word' id='word_1_6' title='bbox 1021 287 1077 346; x_wconf 77' lang='lat'>127</span> 
     </span>
    </p>
   </div>
   <div class='ocr_carea' id='block_1_2' title="bbox 144 435 1087 3277">
    <p class='ocr_par' dir='ltr' id='par_1_2' title="bbox 144 435 1081 2131">
     <span class='ocr_line' id='line_1_2' title="bbox 149 435 1079 520; baseline 0.003 -21"><span class='ocrx_word' id='word_1_7' title='bbox 149 436 383 518; x_wconf 89' lang='lat' dir='ltr'>quodammodo</span> <span class='ocrx_word' id='word_1_8' title='bbox 399 435 601 512; x_wconf 89' lang='lat' dir='ltr'>considerari,</span> <span class='ocrx_word' id='word_1_9' title='bbox 618 440 650 498; x_wconf 93' lang='lat' dir='ltr'>et</span> <span class='ocrx_word' id='word_1_10' title='bbox 664 437 747 498; x_wconf 88' lang='lat' dir='ltr'>circa</span> <span class='ocrx_word' id='word_1_11' title='bbox 763 455 857 516; x_wconf 87' lang='lat' dir='ltr'>quam</span> <span class='ocrx_word' id='word_1_12' title='bbox 872 440 964 502; x_wconf 87' lang='lat' dir='ltr'>homo</span> <span class='ocrx_word' id='word_1_13' title='bbox 978 442 1079 520; x_wconf 82' lang='lat' dir='ltr'>magis</span> 
     </span>
     <span class='ocr_line' id='line_1_3' title="bbox 147 532 1080 612; baseline 0.003 -18"><span class='ocrx_word' id='word_1_14' title='bbox 147 552 241 595; x_wconf 88' lang='lat' dir='ltr'>suam</span> <span class='ocrx_word' id='word_1_15' title='bbox 260 532 506 594; x_wconf 75' lang='lat' dir='ltr'>imbecillitatem</span> <span class='ocrx_word' id='word_1_16' title='bbox 521 532 615 595; x_wconf 77' lang='lat' dir='ltr'>sentit</span> <span class='ocrx_word' id='word_1_17' title='bbox 633 536 664 594; x_wconf 88' lang='lat' dir='ltr'>et</span> <span class='ocrx_word' id='word_1_18' title='bbox 683 533 852 612; x_wconf 89' lang='lat' dir='ltr'>experitur,</span> <span class='ocrx_word' id='word_1_19' title='bbox 871 534 1010 611; x_wconf 81' lang='lat' dir='ltr'>prolecto</span> <span class='ocrx_word' id='word_1_20' title='bbox 1032 540 1080 599; x_wconf 88' lang='lat' dir='ltr'>est</span> 
     </span>
     <span class='ocr_line' id='line_1_4' title="bbox 144 626 1080 709; baseline 0.002 -19"><span class='ocrx_word' id='word_1_21' title='bbox 144 629 199 709; x_wconf 87' lang='lat' dir='ltr'>jus</span> <span class='ocrx_word' id='word_1_22' title='bbox 212 628 453 690; x_wconf 79' lang='lat' dir='ltr'>matrimoniale.</span> <span class='ocrx_word' id='word_1_23' title='bbox 464 629 543 688; x_wconf 85' lang='lat' dir='ltr'>Nam</span> <span class='ocrx_word' id='word_1_24' title='bbox 556 628 582 686; x_wconf 88' lang='lat' dir='ltr'>si</span> <span class='ocrx_word' id='word_1_25' title='bbox 597 626 715 690; x_wconf 83' lang='lat' dir='ltr'>tristior</span> <span class='ocrx_word' id='word_1_26' title='bbox 728 627 849 706; x_wconf 86' lang='lat' dir='ltr'>peccati</span> <span class='ocrx_word' id='word_1_27' title='bbox 864 628 1021 707; x_wconf 78' lang='lat' dir='ltr'>originalia</span> <span class='ocrx_word' id='word_1_28' title='bbox 1036 631 1080 692; x_wconf 83' lang='lat' dir='ltr'>ef-</span> 
     </span>
     <span class='ocr_line' id='line_1_5' title="bbox 147 719 1077 800; baseline 0.004 -18"><span class='ocrx_word' id='word_1_29' title='bbox 147 722 260 797; x_wconf 82' lang='lat' dir='ltr'>fectus,</span> <span class='ocrx_word' id='word_1_30' title='bbox 282 727 313 781; x_wconf 89' lang='lat' dir='ltr'>et</span> <span class='ocrx_word' id='word_1_31' title='bbox 333 719 524 798; x_wconf 84' lang='lat' dir='ltr'>potissimus,</span> <span class='ocrx_word' id='word_1_32' title='bbox 547 719 726 780; x_wconf 88' lang='lat' dir='ltr'>inordinata</span> <span class='ocrx_word' id='word_1_33' title='bbox 746 720 998 798; x_wconf 89' lang='lat' dir='ltr'>concupiscentia</span> <span class='ocrx_word' id='word_1_34' title='bbox 1019 726 1077 800; x_wconf 88' lang='lat' dir='ltr'>est,</span> 
     </span>
     <span class='ocr_line' id='line_1_6' title="bbox 147 812 1080 896; baseline 0.003 -19"><span class='ocrx_word' id='word_1_35' title='bbox 147 817 176 878; x_wconf 92' lang='lat' dir='ltr'>si</span> <span class='ocrx_word' id='word_1_36' title='bbox 190 818 259 877; x_wconf 79' lang='lat' dir='ltr'>haec</span> <span class='ocrx_word' id='word_1_37' title='bbox 273 813 463 876; x_wconf 89' lang='lat' dir='ltr'>inordinatio</span> <span class='ocrx_word' id='word_1_38' title='bbox 477 812 597 874; x_wconf 92' lang='lat' dir='ltr'>nullum</span> <span class='ocrx_word' id='word_1_39' title='bbox 613 813 786 893; x_wconf 91' lang='lat' dir='ltr'>appetitum</span> <span class='ocrx_word' id='word_1_40' title='bbox 795 813 975 876; x_wconf 79' lang='lat' dir='ltr'>sensibilem</span> <span class='ocrx_word' id='word_1_41' title='bbox 989 823 1080 896; x_wconf 91' lang='lat' dir='ltr'>urget</span> 
     </span>
     <span class='ocr_line' id='line_1_7' title="bbox 148 908 1080 990; baseline 0.001 -17"><span class='ocrx_word' id='word_1_42' title='bbox 148 911 347 974; x_wconf 89' lang='lat' dir='ltr'>communius</span> <span class='ocrx_word' id='word_1_43' title='bbox 363 914 395 971; x_wconf 90' lang='lat' dir='ltr'>et</span> <span class='ocrx_word' id='word_1_44' title='bbox 407 908 602 986; x_wconf 88' lang='lat' dir='ltr'>pervicacius</span> <span class='ocrx_word' id='word_1_45' title='bbox 616 927 681 986; x_wconf 76' lang='lat' dir='ltr'>praa</span> <span class='ocrx_word' id='word_1_46' title='bbox 695 909 835 988; x_wconf 89' lang='lat' dir='ltr'>appetitu</span> <span class='ocrx_word' id='word_1_47' title='bbox 854 911 1080 990; x_wconf 75' lang='lat' dir='ltr'>procreationis</span> 
     </span>
     <span class='ocr_line' id='line_1_8' title="bbox 147 1004 1079 1086; baseline 0.001 -18"><span class='ocrx_word' id='word_1_48' title='bbox 147 1007 276 1083; x_wconf 88' lang='lat' dir='ltr'>sobolis,</span> <span class='ocrx_word' id='word_1_49' title='bbox 292 1005 319 1066; x_wconf 91' lang='lat' dir='ltr'>si</span> <span class='ocrx_word' id='word_1_50' title='bbox 333 1005 385 1066; x_wconf 91' lang='lat' dir='ltr'>hic</span> <span class='ocrx_word' id='word_1_51' title='bbox 406 1004 562 1083; x_wconf 89' lang='lat' dir='ltr'>appetitus</span> <span class='ocrx_word' id='word_1_52' title='bbox 576 1004 616 1065; x_wconf 93' lang='lat' dir='ltr'>ad</span> <span class='ocrx_word' id='word_1_53' title='bbox 629 1021 722 1066; x_wconf 87' lang='lat' dir='ltr'>usum</span> <span class='ocrx_word' id='word_1_54' title='bbox 736 1006 935 1086; x_wconf 86' lang='lat' dir='ltr'>conjugalem</span> <span class='ocrx_word' id='word_1_55' title='bbox 953 1006 1079 1069; x_wconf 91' lang='lat' dir='ltr'>ordina-</span> 
     </span>
     <span class='ocr_line' id='line_1_9' title="bbox 145 1099 1077 1179; baseline -0.001 -15"><span class='ocrx_word' id='word_1_56' title='bbox 145 1108 199 1164; x_wconf 89' lang='lat' dir='ltr'>tus</span> <span class='ocrx_word' id='word_1_57' title='bbox 213 1104 273 1178; x_wconf 87' lang='lat' dir='ltr'>est,</span> <span class='ocrx_word' id='word_1_58' title='bbox 289 1099 398 1162; x_wconf 85' lang='lat' dir='ltr'>debuit</span> <span class='ocrx_word' id='word_1_59' title='bbox 415 1099 650 1161; x_wconf 87' lang='lat' dir='ltr'>matrimonium</span> <span class='ocrx_word' id='word_1_60' title='bbox 666 1100 793 1177; x_wconf 88' lang='lat' dir='ltr'>speciali</span> <span class='ocrx_word' id='word_1_61' title='bbox 815 1102 953 1179; x_wconf 88' lang='lat' dir='ltr'>quodam</span> <span class='ocrx_word' id='word_1_62' title='bbox 971 1103 1077 1178; x_wconf 92' lang='lat' dir='ltr'>modo,</span> 
     </span>
     <span class='ocr_line' id='line_1_10' title="bbox 148 1184 1079 1273; baseline 0.001 -16"><span class='ocrx_word' id='word_1_63' title='bbox 148 1184 269 1260; x_wconf 89' lang='lat' dir='ltr'>naturae</span> <span class='ocrx_word' id='word_1_64' title='bbox 283 1197 430 1257; x_wconf 86' lang='lat' dir='ltr'>humanae</span> <span class='ocrx_word' id='word_1_65' title='bbox 442 1193 699 1273; x_wconf 81' lang='lat' dir='ltr'>degradationem</span> <span class='ocrx_word' id='word_1_66' title='bbox 709 1197 835 1272; x_wconf 89' lang='lat' dir='ltr'>sentire,</span> <span class='ocrx_word' id='word_1_67' title='bbox 848 1196 957 1258; x_wconf 89' lang='lat' dir='ltr'>debuit</span> <span class='ocrx_word' id='word_1_68' title='bbox 970 1197 1079 1260; x_wconf 88' lang='lat' dir='ltr'>intem-</span> 
     </span>
     <span class='ocr_line' id='line_1_11' title="bbox 149 1290 1080 1370; baseline -0.002 -16"><span class='ocrx_word' id='word_1_69' title='bbox 149 1291 288 1370; x_wconf 90' lang='lat' dir='ltr'>perantis</span> <span class='ocrx_word' id='word_1_70' title='bbox 301 1290 536 1352; x_wconf 81' lang='lat' dir='ltr'>incontinentiae</span> <span class='ocrx_word' id='word_1_71' title='bbox 552 1290 668 1351; x_wconf 84' lang='lat' dir='ltr'>vitiatae</span> <span class='ocrx_word' id='word_1_72' title='bbox 688 1295 808 1352; x_wconf 78' lang='lat' dir='ltr'>naturae</span> <span class='ocrx_word' id='word_1_73' title='bbox 828 1291 995 1368; x_wconf 73' lang='lat' dir='ltr'>specialem</span> <span class='ocrx_word' id='word_1_74' title='bbox 1008 1310 1080 1352; x_wconf 90' lang='lat' dir='ltr'>sen-</span> 
     </span>
     <span class='ocr_line' id='line_1_12' title="bbox 147 1384 1077 1463; baseline -0.001 -14"><span class='ocrx_word' id='word_1_75' title='bbox 147 1387 208 1449; x_wconf 86' lang='lat' dir='ltr'>tire</span> <span class='ocrx_word' id='word_1_76' title='bbox 222 1386 451 1463; x_wconf 87' lang='lat' dir='ltr'>difficultatem,</span> <span class='ocrx_word' id='word_1_77' title='bbox 463 1388 499 1447; x_wconf 91' lang='lat' dir='ltr'>ut</span> <span class='ocrx_word' id='word_1_78' title='bbox 513 1384 703 1446; x_wconf 87' lang='lat' dir='ltr'>matrimonii</span> <span class='ocrx_word' id='word_1_79' title='bbox 719 1384 914 1461; x_wconf 85' lang='lat' dir='ltr'>honestatem</span> <span class='ocrx_word' id='word_1_80' title='bbox 928 1390 1077 1463; x_wconf 84' lang='lat' dir='ltr'>servaret,</span> 
     </span>
     <span class='ocr_line' id='line_1_13' title="bbox 148 1481 1081 1562; baseline -0.004 -16"><span class='ocrx_word' id='word_1_81' title='bbox 148 1484 259 1546; x_wconf 88' lang='lat' dir='ltr'>debuit</span> <span class='ocrx_word' id='word_1_82' title='bbox 275 1481 329 1562; x_wconf 87' lang='lat' dir='ltr'>jus</span> <span class='ocrx_word' id='word_1_83' title='bbox 345 1481 488 1544; x_wconf 87' lang='lat' dir='ltr'>naturale</span> <span class='ocrx_word' id='word_1_84' title='bbox 502 1481 534 1541; x_wconf 93' lang='lat' dir='ltr'>in</span> <span class='ocrx_word' id='word_1_85' title='bbox 549 1481 659 1543; x_wconf 91' lang='lat' dir='ltr'>ordine</span> <span class='ocrx_word' id='word_1_86' title='bbox 673 1481 714 1541; x_wconf 93' lang='lat' dir='ltr'>ad</span> <span class='ocrx_word' id='word_1_87' title='bbox 727 1481 972 1558; x_wconf 88' lang='lat' dir='ltr'>matrimonium,</span> <span class='ocrx_word' id='word_1_88' title='bbox 989 1481 1081 1542; x_wconf 87' lang='lat' dir='ltr'>fasci-</span> 
     </span>
     <span class='ocr_line' id='line_1_14' title="bbox 147 1577 1081 1654; baseline -0.002 -13"><span class='ocrx_word' id='word_1_89' title='bbox 147 1583 222 1641; x_wconf 91' lang='lat' dir='ltr'>nato</span> <span class='ocrx_word' id='word_1_90' title='bbox 242 1579 407 1640; x_wconf 89' lang='lat' dir='ltr'>hominnm</span> <span class='ocrx_word' id='word_1_91' title='bbox 425 1577 607 1654; x_wconf 88' lang='lat' dir='ltr'>intellectui,</span> <span class='ocrx_word' id='word_1_92' title='bbox 625 1580 656 1639; x_wconf 90' lang='lat' dir='ltr'>et</span> <span class='ocrx_word' id='word_1_93' title='bbox 674 1595 769 1640; x_wconf 84' lang='lat' dir='ltr'>coecae</span> <span class='ocrx_word' id='word_1_94' title='bbox 789 1577 950 1638; x_wconf 89' lang='lat' dir='ltr'>hominum</span> <span class='ocrx_word' id='word_1_95' title='bbox 969 1579 1081 1641; x_wconf 88' lang='lat' dir='ltr'>volun·</span> 
     </span>
     <span class='ocr_line' id='line_1_15' title="bbox 147 1673 1078 1754; baseline 0 -16"><span class='ocrx_word' id='word_1_96' title='bbox 147 1675 206 1738; x_wconf 85' lang='lat' dir='ltr'>tati</span> <span class='ocrx_word' id='word_1_97' title='bbox 214 1673 368 1753; x_wconf 84' lang='lat' dir='ltr'>speciales</span> <span class='ocrx_word' id='word_1_98' title='bbox 378 1675 546 1736; x_wconf 84' lang='lat' dir='ltr'>obvolvere</span> <span class='ocrx_word' id='word_1_99' title='bbox 557 1673 768 1749; x_wconf 85' lang='lat' dir='ltr'>difficultates,</span> <span class='ocrx_word' id='word_1_100' title='bbox 781 1676 812 1734; x_wconf 93' lang='lat' dir='ltr'>et</span> <span class='ocrx_word' id='word_1_101' title='bbox 820 1673 889 1734; x_wconf 86' lang='lat' dir='ltr'>fieri</span> <span class='ocrx_word' id='word_1_102' title='bbox 898 1674 1078 1754; x_wconf 84' lang='lat' dir='ltr'>degradatae</span> 
     </span>
     <span class='ocr_line' id='line_1_16' title="bbox 146 1769 1080 1848; baseline 0.002 -19"><span class='ocrx_word' id='word_1_103' title='bbox 146 1769 312 1830; x_wconf 91' lang='lat' dir='ltr'>hominum</span> <span class='ocrx_word' id='word_1_104' title='bbox 340 1769 511 1831; x_wconf 89' lang='lat' dir='ltr'>conditioni</span> <span class='ocrx_word' id='word_1_105' title='bbox 541 1769 822 1848; x_wconf 88' lang='lat' dir='ltr'>improportionata</span> <span class='ocrx_word' id='word_1_106' title='bbox 853 1769 973 1830; x_wconf 88' lang='lat' dir='ltr'>indoles</span> <span class='ocrx_word' id='word_1_107' title='bbox 1005 1787 1080 1832; x_wconf 88' lang='lat' dir='ltr'>oon·</span> 
     </span>
     <span class='ocr_line' id='line_1_17' title="bbox 147 1865 1079 1946; baseline 0.001 -21"><span class='ocrx_word' id='word_1_108' title='bbox 147 1865 246 1943; x_wconf 89' lang='lat' dir='ltr'>nubii,</span> <span class='ocrx_word' id='word_1_109' title='bbox 263 1866 349 1946; x_wconf 85' lang='lat' dir='ltr'>quod</span> <span class='ocrx_word' id='word_1_110' title='bbox 363 1865 396 1926; x_wconf 94' lang='lat' dir='ltr'>in</span> <span class='ocrx_word' id='word_1_111' title='bbox 411 1869 522 1927; x_wconf 90' lang='lat' dir='ltr'>natura</span> <span class='ocrx_word' id='word_1_112' title='bbox 540 1865 663 1944; x_wconf 87' lang='lat' dir='ltr'>integra</span> <span class='ocrx_word' id='word_1_113' title='bbox 681 1868 713 1927; x_wconf 88' lang='lat' dir='ltr'>et</span> <span class='ocrx_word' id='word_1_114' title='bbox 731 1865 889 1928; x_wconf 82' lang='lat' dir='ltr'>innocenti</span> <span class='ocrx_word' id='word_1_115' title='bbox 904 1865 1079 1929; x_wconf 88' lang='lat' dir='ltr'>institutum</span> 
     </span>
     <span class='ocr_line' id='line_1_18' title="bbox 148 1962 345 2023; baseline 0.015 -4"><span class='ocrx_word' id='word_1_116' title='bbox 148 1963 205 2023; x_wconf 87' lang='lat' dir='ltr'>est.</span> <span class='ocrx_word' id='word_1_117' title='bbox 342 1962 345 1968; x_wconf 87' lang='grc'><strong>’</strong></span> 
     </span>
     <span class='ocr_line' id='line_1_19' title="bbox 309 2053 416 2131; baseline 0 -18"><span class='ocrx_word' id='word_1_118' title='bbox 309 2053 416 2131; x_wconf 81' lang='lat' dir='ltr'>llrgo:</span> 
     </span>
    </p>

    <p class='ocr_par' dir='ltr' id='par_1_3' title="bbox 144 2145 1087 3277">
     <span class='ocr_line' id='line_1_20' title="bbox 187 2145 1079 2228; baseline 0 -20"><span class='ocrx_word' id='word_1_119' title='bbox 187 2149 218 2208; x_wconf 86' lang='lat' dir='ltr'>l⁰</span> <span class='ocrx_word' id='word_1_120' title='bbox 232 2147 428 2228; x_wconf 75' lang='lat' dir='ltr'>Gonjugium,</span> <span class='ocrx_word' id='word_1_121' title='bbox 440 2146 550 2226; x_wconf 88' lang='lat' dir='ltr'>incipit</span> <span class='ocrx_word' id='word_1_122' title='bbox 568 2145 710 2210; x_wconf 88' lang='lat' dir='ltr'>amittere</span> <span class='ocrx_word' id='word_1_123' title='bbox 725 2164 808 2208; x_wconf 81' lang='lat' dir='ltr'>sunm</span> <span class='ocrx_word' id='word_1_124' title='bbox 825 2146 1002 2208; x_wconf 71' lang='lat' dir='ltr'>exclusivum</span> <span class='ocrx_word' id='word_1_125' title='bbox 1015 2148 1079 2208; x_wconf 80' lang='lat' dir='ltr'>uni·</span> 
     </span>
     <span class='ocr_line' id='line_1_21' title="bbox 146 2240 1080 2321; baseline 0.001 -20"><span class='ocrx_word' id='word_1_126' title='bbox 146 2249 233 2302; x_wconf 82' lang='lat' dir='ltr'>lolem</span> <span class='ocrx_word' id='word_1_127' title='bbox 255 2261 268 2302; x_wconf 91' lang='grc'>.·</span> <span class='ocrx_word' id='word_1_128' title='bbox 297 2242 406 2304; x_wconf 85' lang='lat' dir='ltr'>Libido</span> <span class='ocrx_word' id='word_1_129' title='bbox 435 2242 598 2304; x_wconf 90' lang='lat' dir='ltr'>hominum</span> <span class='ocrx_word' id='word_1_130' title='bbox 625 2261 695 2321; x_wconf 82' lang='lat' dir='ltr'>quae</span> <span class='ocrx_word' id='word_1_131' title='bbox 723 2240 895 2303; x_wconf 85' lang='lat' dir='ltr'>honestatis</span> <span class='ocrx_word' id='word_1_132' title='bbox 922 2246 1008 2300; x_wconf 90' lang='lat' dir='ltr'>mota</span> <span class='ocrx_word' id='word_1_133' title='bbox 1032 2245 1080 2302; x_wconf 89' lang='lat' dir='ltr'>est</span> 
     </span>
     <span class='ocr_line' id='line_1_22' title="bbox 144 2334 1078 2414; baseline -0.004 -14"><span class='ocrx_word' id='word_1_134' title='bbox 144 2338 370 2400; x_wconf 74' lang='lat' dir='ltr'>transcendere</span> <span class='ocrx_word' id='word_1_135' title='bbox 384 2337 510 2414; x_wconf 70' lang='lat' dir='ltr'>limites,</span> <span class='ocrx_word' id='word_1_136' title='bbox 522 2338 614 2399; x_wconf 87' lang='lat' dir='ltr'>nnius</span> <span class='ocrx_word' id='word_1_137' title='bbox 624 2337 729 2399; x_wconf 85' lang='lat' dir='ltr'>uxoris</span> <span class='ocrx_word' id='word_1_138' title='bbox 739 2353 799 2398; x_wconf 90' lang='lat' dir='ltr'>usu</span> <span class='ocrx_word' id='word_1_139' title='bbox 809 2352 871 2395; x_wconf 92' lang='lat' dir='ltr'>non</span> <span class='ocrx_word' id='word_1_140' title='bbox 882 2334 1003 2410; x_wconf 87' lang='lat' dir='ltr'>satisfit,</span> <span class='ocrx_word' id='word_1_141' title='bbox 1017 2354 1078 2396; x_wconf 92' lang='lat' dir='ltr'>non</span> 
     </span>
     <span class='ocr_line' id='line_1_23' title="bbox 145 2430 1078 2513; baseline -0.001 -20"><span class='ocrx_word' id='word_1_142' title='bbox 145 2434 293 2507; x_wconf 88' lang='lat' dir='ltr'>satiatur;</span> <span class='ocrx_word' id='word_1_143' title='bbox 311 2451 384 2494; x_wconf 89' lang='lat' dir='ltr'>nam</span> <span class='ocrx_word' id='word_1_144' title='bbox 399 2434 497 2494; x_wconf 88' lang='lat' dir='ltr'>amori</span> <span class='ocrx_word' id='word_1_145' title='bbox 512 2434 702 2507; x_wconf 88' lang='lat' dir='ltr'>consociata,</span> <span class='ocrx_word' id='word_1_146' title='bbox 715 2431 768 2513; x_wconf 89' lang='lat' dir='ltr'>qui</span> <span class='ocrx_word' id='word_1_147' title='bbox 783 2437 831 2492; x_wconf 92' lang='lat' dir='ltr'>est</span> <span class='ocrx_word' id='word_1_148' title='bbox 843 2430 1007 2494; x_wconf 81' lang='lat' dir='ltr'>diffusivus</span> <span class='ocrx_word' id='word_1_149' title='bbox 1018 2431 1078 2506; x_wconf 86' lang='lat' dir='ltr'>sni,</span> 
     </span>
     <span class='ocr_line' id='line_1_24' title="bbox 145 2529 1080 2609; baseline -0.002 -19"><span class='ocrx_word' id='word_1_150' title='bbox 145 2532 177 2591; x_wconf 89' lang='lat' dir='ltr'>et</span> <span class='ocrx_word' id='word_1_151' title='bbox 200 2530 391 2592; x_wconf 90' lang='lat' dir='ltr'>desiderium</span> <span class='ocrx_word' id='word_1_152' title='bbox 413 2529 596 2607; x_wconf 79' lang='lat' dir='ltr'>informans,</span> <span class='ocrx_word' id='word_1_153' title='bbox 617 2531 703 2609; x_wconf 89' lang='lat' dir='ltr'>quod</span> <span class='ocrx_word' id='word_1_154' title='bbox 725 2536 840 2590; x_wconf 86' lang='lat' dir='ltr'>natura</span> <span class='ocrx_word' id='word_1_155' title='bbox 863 2545 931 2605; x_wconf 86' lang='lat' dir='ltr'>sua,</span> <span class='ocrx_word' id='word_1_156' title='bbox 955 2545 1080 2606; x_wconf 87' lang='lat' dir='ltr'>posses·</span> 
     </span>
     <span class='ocr_line' id='line_1_25' title="bbox 145 2624 1081 2702; baseline 0 -18"><span class='ocrx_word' id='word_1_157' title='bbox 145 2624 234 2686; x_wconf 87' lang='lat' dir='ltr'>sione</span> <span class='ocrx_word' id='word_1_158' title='bbox 255 2624 331 2685; x_wconf 90' lang='lat' dir='ltr'>boni</span> <span class='ocrx_word' id='word_1_159' title='bbox 353 2624 511 2702; x_wconf 88' lang='lat' dir='ltr'>concupiti</span> <span class='ocrx_word' id='word_1_160' title='bbox 532 2642 595 2686; x_wconf 92' lang='lat' dir='ltr'>non</span> <span class='ocrx_word' id='word_1_161' title='bbox 619 2624 766 2701; x_wconf 87' lang='lat' dir='ltr'>satiatur,</span> <span class='ocrx_word' id='word_1_162' title='bbox 790 2625 846 2685; x_wconf 89' lang='lat' dir='ltr'>sed</span> <span class='ocrx_word' id='word_1_163' title='bbox 866 2624 1081 2686; x_wconf 87' lang='lat' dir='ltr'>inflammatur</span> 
     </span>
     <span class='ocr_line' id='line_1_26' title="bbox 144 2716 1087 2796; baseline 0.001 -19"><span class='ocrx_word' id='word_1_164' title='bbox 144 2718 257 2796; x_wconf 90' lang='lat' dir='ltr'>magis,</span> <span class='ocrx_word' id='word_1_165' title='bbox 274 2722 309 2778; x_wconf 89' lang='lat' dir='ltr'>ut</span> <span class='ocrx_word' id='word_1_166' title='bbox 325 2716 386 2778; x_wconf 89' lang='lat' dir='ltr'>alia</span> <span class='ocrx_word' id='word_1_167' title='bbox 399 2721 524 2796; x_wconf 87' lang='lat' dir='ltr'>exoptet</span> <span class='ocrx_word' id='word_1_168' title='bbox 541 2717 595 2779; x_wconf 92' lang='lat' dir='ltr'>ubi</span> <span class='ocrx_word' id='word_1_169' title='bbox 612 2718 742 2780; x_wconf 90' lang='lat' dir='ltr'>tandem</span> <span class='ocrx_word' id='word_1_170' title='bbox 756 2719 916 2795; x_wconf 87' lang='lat' dir='ltr'>consistat,</span> <span class='ocrx_word' id='word_1_171' title='bbox 935 2718 1087 2781; x_wconf 83' lang='lat' dir='ltr'>devincta·</span> 
     </span>
     <span class='ocr_line' id='line_1_27' title="bbox 144 2813 1082 2893; baseline -0.004 -15"><span class='ocrx_word' id='word_1_172' title='bbox 144 2813 274 2878; x_wconf 76' lang='lat' dir='ltr'>uolubili</span> <span class='ocrx_word' id='word_1_173' title='bbox 290 2813 451 2874; x_wconf 89' lang='lat' dir='ltr'>hominum</span> <span class='ocrx_word' id='word_1_174' title='bbox 470 2817 583 2875; x_wconf 89' lang='lat' dir='ltr'>natura</span> <span class='ocrx_word' id='word_1_175' title='bbox 602 2832 671 2893; x_wconf 81' lang='lat' dir='ltr'>quae</span> <span class='ocrx_word' id='word_1_176' title='bbox 685 2815 776 2876; x_wconf 82' lang='lat' dir='ltr'>facile</span> <span class='ocrx_word' id='word_1_177' title='bbox 792 2819 943 2877; x_wconf 89' lang='lat' dir='ltr'>consueta</span> <span class='ocrx_word' id='word_1_178' title='bbox 963 2814 1082 2876; x_wconf 89' lang='lat' dir='ltr'>fastidit</span> 
     </span>
     <span class='ocr_line' id='line_1_28' title="bbox 145 2906 1080 2989; baseline 0.001 -22"><span class='ocrx_word' id='word_1_179' title='bbox 145 2906 191 2982; x_wconf 90' lang='lat' dir='ltr'>in,</span> <span class='ocrx_word' id='word_1_180' title='bbox 208 2908 267 2968; x_wconf 89' lang='lat' dir='ltr'>nisi</span> <span class='ocrx_word' id='word_1_181' title='bbox 281 2909 437 2987; x_wconf 89' lang='lat' dir='ltr'>superiori</span> <span class='ocrx_word' id='word_1_182' title='bbox 452 2907 557 2988; x_wconf 88' lang='lat' dir='ltr'>aliquo</span> <span class='ocrx_word' id='word_1_183' title='bbox 577 2910 730 2989; x_wconf 90' lang='lat' dir='ltr'>principio</span> <span class='ocrx_word' id='word_1_184' title='bbox 750 2911 957 2984; x_wconf 89' lang='lat' dir='ltr'>contineatur,</span> <span class='ocrx_word' id='word_1_185' title='bbox 974 2910 1080 2970; x_wconf 90' lang='lat' dir='ltr'>incen-</span> 
     </span>
     <span class='ocr_line' id='line_1_29' title="bbox 146 3002 1082 3084; baseline 0 -22"><span class='ocrx_word' id='word_1_186' title='bbox 146 3002 231 3064; x_wconf 89' lang='lat' dir='ltr'>ditur</span> <span class='ocrx_word' id='word_1_187' title='bbox 245 3003 346 3082; x_wconf 86' lang='lat' dir='ltr'>magis</span> <span class='ocrx_word' id='word_1_188' title='bbox 360 3023 434 3066; x_wconf 90' lang='lat' dir='ltr'>cum</span> <span class='ocrx_word' id='word_1_189' title='bbox 449 3009 684 3084; x_wconf 81' lang='lat' dir='ltr'>usum&#39;experta</span> <span class='ocrx_word' id='word_1_190' title='bbox 699 3010 757 3082; x_wconf 88' lang='lat' dir='ltr'>est,</span> <span class='ocrx_word' id='word_1_191' title='bbox 774 3011 806 3068; x_wconf 89' lang='lat' dir='ltr'>et</span> <span class='ocrx_word' id='word_1_192' title='bbox 815 3003 972 3067; x_wconf 84' lang='lat' dir='ltr'>difficilius</span> <span class='ocrx_word' id='word_1_193' title='bbox 982 3002 1082 3065; x_wconf 91' lang='lat' dir='ltr'>conti-</span> 
     </span>
     <span class='ocr_line' id='line_1_30' title="bbox 145 3098 1081 3180; baseline 0.001 -23"><span class='ocrx_word' id='word_1_194' title='bbox 145 3102 248 3161; x_wconf 91' lang='lat' dir='ltr'>netur.</span> <span class='ocrx_word' id='word_1_195' title='bbox 283 3101 365 3180; x_wconf 81' lang='lat' dir='ltr'>llrgo</span> <span class='ocrx_word' id='word_1_196' title='bbox 393 3100 483 3162; x_wconf 88' lang='lat' dir='ltr'>facile</span> <span class='ocrx_word' id='word_1_197' title='bbox 512 3100 571 3162; x_wconf 88' lang='lat' dir='ltr'>fuit</span> <span class='ocrx_word' id='word_1_198' title='bbox 596 3101 831 3180; x_wconf 84' lang='lat' dir='ltr'>monogamiam</span> <span class='ocrx_word' id='word_1_199' title='bbox 853 3100 886 3159; x_wconf 88' lang='lat' dir='ltr'>in</span> <span class='ocrx_word' id='word_1_200' title='bbox 909 3098 1081 3177; x_wconf 83' lang='lat' dir='ltr'>bigamiam</span> 
     </span>
     <span class='ocr_line' id='line_1_31' title="bbox 146 3193 1082 3277; baseline 0 -21"><span class='ocrx_word' id='word_1_201' title='bbox 146 3201 291 3270; x_wconf 80' lang='lat' dir='ltr'>vertere3</span> <span class='ocrx_word' id='word_1_202' title='bbox 320 3196 490 3277; x_wconf 79' lang='lat' dir='ltr'>bigamiam</span> <span class='ocrx_word' id='word_1_203' title='bbox 517 3197 609 3259; x_wconf 86' lang='lat' dir='ltr'>facilc</span> <span class='ocrx_word' id='word_1_204' title='bbox 632 3197 876 3259; x_wconf 89' lang='lat' dir='ltr'>indeterminata</span> <span class='ocrx_word' id='word_1_205' title='bbox 900 3193 1082 3274; x_wconf 86' lang='lat' dir='ltr'>polygamia</span> 
     </span>
    </p>
   </div>
   <div class='ocr_carea' id='block_1_3' title="bbox 146 3291 1082 3563">
    <p class='ocr_par' dir='ltr' id='par_1_4' title="bbox 146 3291 1082 3563">
     <span class='ocr_line' id='line_1_32' title="bbox 146 3291 1082 3394; baseline -0.001 -41"><span class='ocrx_word' id='word_1_206' title='bbox 146 3293 278 3370; x_wconf 87' lang='lat' dir='ltr'>excepit.</span> <span class='ocrx_word' id='word_1_207' title='bbox 307 3294 354 3354; x_wconf 79' lang='lat' dir='ltr'>En</span> <span class='ocrx_word' id='word_1_208' title='bbox 382 3293 518 3373; x_wconf 90' lang='lat' dir='ltr'>primum</span> <span class='ocrx_word' id='word_1_209' title='bbox 545 3294 683 3356; x_wconf 89' lang='lat' dir='ltr'>stadium</span> <span class='ocrx_word' id='word_1_210' title='bbox 711 3291 945 3371; x_wconf 87' lang='lat' dir='ltr'>degradationis</span> <span class='ocrx_word' id='word_1_211' title='bbox 973 3293 1082 3394; x_wconf 83' lang='lat' dir='ltr'>matri-</span> 
     </span>
     <span class='ocr_line' id='line_1_33' title="bbox 146 3405 1082 3563; baseline -0.002 -21"><span class='ocrx_word' id='word_1_212' title='bbox 146 3405 400 3547; x_wconf 53' lang='lat' dir='ltr'>mpp1pl1minut⁰</span> <span class='ocrx_word' id='word_1_213' title='bbox 417 3502 475 3562; x_wconf 87' lang='lat' dir='ltr'>par</span> <span class='ocrx_word' id='word_1_214' title='bbox 492 3481 706 3563; x_wconf 88' lang='lat' dir='ltr'>polygamiam</span> <span class='ocrx_word' id='word_1_215' title='bbox 726 3498 834 3543; x_wconf 89' lang='lat' dir='ltr'>amore</span> <span class='ocrx_word' id='word_1_216' title='bbox 849 3481 1019 3563; x_wconf 87' lang='lat' dir='ltr'>conjugali,</span> <span class='ocrx_word' id='word_1_217' title='bbox 1037 3479 1052 3540; x_wconf 86' lang='lat' dir='ltr'>l</span> <span class='ocrx_word' id='word_1_218' title='bbox 1070 3511 1082 3524; x_wconf 92' lang='lat'>·</span> 
     </span>
    </p>
   </div>
   <div class='ocr_carea' id='block_1_4' title="bbox 0 0 1258 4024">
    <p class='ocr_par' dir='ltr' id='par_1_5' title="bbox 0 0 1258 4024">
     <span class='ocr_line' id='line_1_34' title="bbox 0 0 1258 4024; baseline 0 0"><span class='ocrx_word' id='word_1_219' title='bbox 0 0 1258 4024; x_wconf 95' lang='lat' dir='ltr'> </span> 
     </span>
    </p>
   </div>
  </div>
 </body>
</html>
