2530 4016
172 328 230 387 284
378 336 607 383 rnsrrrerrouas
629 335 711 381 tonis
734 333 888 381 ernonrer.

171 487 341 563 Propterea
354 481 532 562 generatim
547 480 702 560 loquendo
725 483 771 542 tot
794 483 867 542 sunt
887 478 997 560 officia·
1010 497 1100 541 sacra

170 584 202 642 iu
217 581 356 642 Ecclesia
370 582 446 660 quet
461 583 533 642 sunt
547 577 664 641 ordinis
673 577 791 658 gradus
804 578 887 639 inter
900 577 1029 639 clericos
1040 576 1101 637 dis·

170 677 289 742 tributi.
905 682 908 689 '

212 773 274 835 Sed
289 790 379 834 sacra
393 770 559 848 ordinatio,
576 770 652 831 dum
666 788 704 831 ex
718 787 781 830 una
794 773 883 848 parte
898 769 1018 849 praebet
1032 769 1099 830 iun-

171 868 380 931 damentelem
394 866 623 928 institutionem
638 865 812 928 officiorum
835 881 1008 942 sacrorum,
1034 865 1099 927 ille·

170 983 302 1045 rumque
316 962 419 1026 varias
432 963 552 1043 species
567 965 598 1024 et
612 963 740 1042 gradus,
759 980 796 1023 ex
810 961 910 1023 altera
923 965 1030 1024 tammr
1043 980 1101 1042 per

169 1079 202 1122 se
225 1062 366 1139 inspecta
389 1076 451 1119 non
472 1058 661 1121 determinat
684 1059 717 1119 in
741 1062 887 1120 concreto
912 1060 1100 1138 conceptum

168 1157 364 1236 singulorum
378 1154 552 1216 officiorum
567 1171 739 1216 sacrorum.
757 1158 837 1216 Nam
850 1154 960 1216 definit
970 1153 1101 1234 quidem

168 1253 302 1334 gradum
316 1252 478 1331 potestatis
493 1253 525 1313 et
539 1249 634 1312 officii
643 1269 742 1331 genus
753 1250 883 1330 singulis
894 1251 1056 1312 ordinibus
1066 1252 1099 1311 in

169 1350 325 1412 abstracto
358 1348 570 1428 respondens,
605 1348 661 1409 sed
693 1365 756 1408 nen
787 1347 977 1410 determinat
1007 1350 1099 1409 ,notas

169 1463 277 1506 omnes
306 1449 337 1508 et
364 1443 614 1506 circumstantias
640 1443 889 1520 individuantes,
922 1459 991 1521 quae
1014 1441 1099 1504 illius

168 1541 351 1604 exercitium
365 1542 396 1600 in
412 1545 557 1602 concreto
573 1539 735 1602 definiunt.
758 1541 874 1602 Omnes
893 1539 1043 1617 episcopi,
1064 1557 1095 1599 v.

167 1656 198 1716 g.
236 1638 268 1698 vi
295 1637 538 1716 consecrationis
566 1639 731 1716 susceptae,
760 1640 832 1698 sunt
862 1635 971 1696 ordine
1005 1652 1099 1713 pares

167 1734 249 1795 inter
262 1750 307 1809 se,
324 1732 494 1794 identidem
509 1731 626 1808 habent
640 1733 671 1792 in
687 1732 782 1794 sacris
797 1734 995 1811 potestatem,
1014 1731 1099 1811 ejus-

167 1829 239 1889 dem
254 1819 379 1907 generis
390 1827 527 1889 officium
541 1845 676 1905 sacrum,
692 1829 736 1890 ita
755 1834 789 1889 ut
802 1829 834 1888 vi
855 1826 1097 1889 consecrationis

167 1944 230 1986 nou
245 1924 327 1987 adsit
341 1923 420 1985 ratio
437 1941 533 2001 quare
548 1925 588 1984 eli
599 1941 661 1985 uuo
675 1925 877 2003 potiusquam
890 1923 931 1983 ab
945 1921 1005 1984 alio
1017 1922 1098 2000 epis-

167 2040 245 2102 eopo
269 2024 338 2083 haec
360 2020 410 2082 vel
430 2019 483 2080 illa
500 2020 618 2082 functio
641 2021 826 2100 episcopalis
845 2019 963 2081 ordinis
982 2019 1098 2080 debeat

80 2117 82 2122 ’
167 2119 256 2180 obiri.
287 2118 334 2178 Oh
363 2119 444 2178 hanc
467 2116 759 2178 determinationem
780 2117 811 2176 in
826 2115 983 2177 abstracte
1000 2121 1031 2176 et
1048 2115 1098 2175 iu·

166 2213 462 2275 determinationem
487 2212 521 2280 in
549 2215 712 2290 concrete,
747 2230 816 2291 quae
845 2214 1027 2290 exsurgeret
1058 2229 1097 2270 ex

166 2328 255 2372 mera
278 2308 395 2370 ordinis
419 2307 595 2385 collatione,
620 2309 714 2384 tieret
737 2311 771 2371 ut
798 2307 967 2386 aliquando
990 2307 1097 2387 plnres

165 2406 285 2487 possint
316 2403 531 2466 tumultuatim
554 2404 595 2465 ad
617 2405 762 2466 eamdem
787 2403 980 2465 functionem
1004 2419 1096 2482 pera-

165 2502 302 2582 gendam
324 2517 526 2574 concurrere3
550 2503 667 2562 etcum
688 2517 751 2560 nen
765 2499 890 2560 adesset
902 2498 982 2560 ratio
998 2515 1095 2577 quare

165 2615 245 2657 uuus
260 2596 351 2657 alteri
373 2595 570 2676 preferatur,
593 2613 674 2656 unus
695 2594 823 2656 alterius
845 2595 1000 2657 actionem
1022 2592 1097 2654 ede-

164 2695 227 2765 ret;
244 2691 413 2768 aliquande
428 2709 503 2751 vero
519 2709 535 2752 e
551 2694 670 2768 centra,
688 2708 760 2752 oum
783 2708 890 2752 ornnes
914 2692 1096 2753 tenerentur

163 2790 195 2849 in
216 2787 373 2848 abstracto
388 2786 429 2847 ad
443 2786 529 2847 illam
548 2787 751 2863 functionem,
773 2787 875 2848 ordini
899 2789 947 2848 sui
968 2804 1095 2866 respon-

163 2884 290 2945 dentem
305 2882 524 2960 exercendam,
542 2899 634 2943 nemo
650 2885 756 2944 autem
769 2883 803 2943 in
818 2883 922 2962 speeie
932 2883 1005 2946 etin
1019 2901 1094 2944 cou-

164 2984 261 3058 creto,
286 2980 412 3042 evenire
435 2984 541 3060 posset
564 2981 599 3040 ut
622 2977 788 3058 episeopus
814 2997 877 3040 nen
902 2979 1095 3040 inveniretur

164 3078 218 3158 qui
231 3077 407 3139 functiones
423 3075 616 3156 episcopales
631 3075 742 3138 obiret.

204 3170 293 3242 Oued
312 3170 444 3231 dicimus
466 3169 504 3230 de
528 3168 639 3230 ordine
663 3168 843 3248 episcopali,
869 3169 962 3232 dicite
977 3171 1017 3231 de
1036 3188 1094 3232 eec-

161 3265 246 3328 teris.
265 3266 354 3329 Unde
371 3265 508 3346 colligite
523 3266 816 3346 necessitatemque
830 3265 869 3326 ab
885 3266 1093 3328 ecclesiastiea

162 3360 327 3438 disciplina
341 3362 574 3441 providendum
589 3364 672 3424 esset
685 3365 720 3423 ut
734 3361 871 3424 efficium
886 3362 917 3423 vi
931 3381 1029 3424 saera
1045 3380 1094 3423 er-

163 3454 329 3515 dinationis
352 3459 533 3537 susceptum
555 3460 588 3520 in
616 3462 763 3522 concreto
785 3458 1036 3521 individuaretur
1063 3461 1094 3519 et

164 3549 426 3614 determinaretur
439 3555 472 3613 in
488 3573 543 3615 sno
559 3556 717 3633 exercitio,
742 3560 776 3619 ut
803 3556 1018 3636 uuusquisque
1037 3573 1091 3617 sue
