2476 4022
168 209 207 267 36
379 217 607 264 1usr1rurronas
627 217 710 264 runis
730 218 884 266 annorucr.

166 365 274 426 tantur
287 359 431 435 ministri,
448 345 605 436 sacerdos,
624 377 720 439 quum
734 333 882 439 baptizat,
896 378 958 421 non
969 371 1098 425 exercet

167 453 285 518 ordinis
298 451 506 532 potestatem?
521 469 596 512 num
611 451 736 512 collatio
749 452 947 531 baptismatis
965 470 1029 513 non
1050 463 1098 517 est
1141 453 1145 460 ⁴

42 567 46 574 ·
165 555 252 612 actus
268 547 407 610 ordinis?
422 546 574 626 numquid
588 547 641 607 illa
655 546 753 608 verba
768 567 775 608 ε
794 548 988 626 «Baptizato,
1003 555 1064 611 etc.
1076 574 1090 610 ιι

165 645 310 706 omnibus
325 644 409 705 dicta
424 646 506 720 sunt,
524 660 585 702 non
601 642 674 702 solis
690 642 859 721 apostolis?
873 643 1020 718 minime3
1038 646 1096 706 sed

164 737 288 801 collatio
302 736 498 814 baptismatis
517 741 565 798 est
582 734 699 796 functio
719 735 836 796 ordinis
854 736 1093 816 presbyteralis,
1121 755 1125 761 ·

164 847 297 909 eamque
313 832 437 890 exercet
451 827 597 890 sacerdos
608 828 865 907 quumbeptizat;
879 847 976 912 quum
986 835 1095 892 autem

47 973 49 976 .
163 944 266 988 sermo
288 927 370 985 essct
393 923 432 983 de
455 926 651 984 sacramento
673 923 705 982 in
727 923 871 986 absoluta
894 925 1091 1004 necessitate,

162 1021 262 1082 noluit
276 1019 418 1080 Christus
432 1022 466 1081 ut
479 1019 523 1080 ita
536 1018 689 1098 penderet
706 1037 726 1079 a
743 1023 898 1100 potestate
913 1020 1042 1098 ordiniS,
1059 1025 1095 1084 ut

161 1117 228 1177 sine
243 1133 282 1175 ea
299 1114 493 1193 baptismum
511 1113 621 1174 haberi
639 1132 701 1174 non
720 1119 835 1194 posset,
857 1115 938 1176 siout
954 1115 1021 1175 sine
1041 1115 1091 1193 ea,

161 1229 192 1274 v.
208 1229 256 1291 gr.
274 1227 334 1272 non
351 1209 486 1271 habetur
506 1209 717 1285 Eucharistia3
739 1210 794 1270 sed
813 1209 939 1272 admisit
959 1213 994 1271 ut
1012 1211 1093 1270 alins

161 1307 214 1388 qui
230 1323 293 1368 non
308 1305 348 1366 sit
361 1305 520 1381 sacerdos,
536 1303 599 1364 imo
615 1321 673 1364 nec
686 1303 799 1380 fidelis,
820 1303 918 1382 possit
936 1303 1017 1363 illius
1036 1304 1094 1365 de-

160 1404 278 1465 lectum
292 1402 448 1480 supplere.
465 1400 572 1464 Voluit
586 1405 621 1458 ut
636 1398 766 1478 quilibet
778 1397 969 1476 baptizaret,
986 1398 1091 1459 valide

159 1497 351 1577 baptizaret,
366 1496 439 1559 licet
453 1496 484 1558 vi
499 1494 616 1557 ordinis
630 1494 690 1555 soli
703 1494 880 1556 sacerdotes
895 1493 1092 1573 baptizarent

160 1591 329 1656 ordinario.

199 1689 274 1750 Haeo
289 1687 464 1750 oeconomia
479 1705 573 1768 quem
589 1686 729 1748 Christus
748 1690 873 1748 secutus
894 1689 941 1748 est
960 1686 993 1747 in
1013 1685 1090 1768 bap-

159 1786 283 1850 tismate
298 1782 500 1859 instituendo,
523 1782 607 1844 viam
626 1782 728 1861 aperit
747 1786 780 1843 ut
798 1782 931 1862 analogo
951 1781 1090 1861 quodam
1180 1782 1184 1789 '

155 1886 303 1942 'sermone
319 1879 509 1958 explicemus
525 1878 732 1940 oeconomiam
746 1895 842 1958 quam
856 1881 980 1938 seoutus
994 1883 1041 1937 est
1056 1879 1088 1938 in

159 1973 406 2044 confirmatione.
424 1973 607 2036 Ordinarius
621 1973 763 2033 minister
776 1971 900 2034 Ordinis
923 1975 954 2033 et
970 1972 1089 2034 Confir-

32 2094 36 2104 ·
159 2068 305 2130 motionis
325 2069 373 2128 est
394 2066 557 2147 episcopus
581 2087 588 2128 :
616 2083 690 2146 ergo
715 2067 837 2146 quoties
859 2071 1024 2144 promovet
1046 2067 1088 2128 ad

158 2161 284 2224 ordines
299 2163 330 2222 et
344 2161 518 2239 confirmat,
542 2160 572 2221 vi
591 2159 715 2221 Ordinis
736 2163 893 2239 operatur,
914 2163 946 2221 et
964 2165 1089 2222 exercet

158 2275 253 2339 quam
266 2257 372 2335 habet,
390 2257 513 2319 Ordinis
526 2259 724 2337 potestatem.

197 2357 238 2416 nt
251 2371 314 2414 non
329 2353 440 2413 eodem
454 2352 548 2414 modo
564 2353 716 2413 confectio
731 2352 896 2413 amborum
910 2369 1086 2414 sacramen·

157 2454 262 2513 torum
276 2447 422 2526 potestati
437 2449 561 2510 Ordinis
577 2447 761 2530 episcopalis
781 2448 909 2528 alligata
927 2451 984 2509 est.
1005 2449 1087 2508 Nam

157 2544 292 2606 defectui
307 2544 469 2620 potestatis
483 2546 607 2607 Ordinis
621 2545 806 2626 episcopalis
820 2543 958 2624 suppleri
977 2543 1086 2624 nequit

30 2697 33 2704 .
155 2642 188 2703 in
203 2657 293 2700 sacra
307 2641 520 2710 Ordinatione.
537 2643 698 2705 Ordinatio
721 2643 871 2723 (intelligo
887 2642 1085 2704 collationem

157 2736 304 2799 ordinum
318 2735 596 2820 hierarchicorum)
612 2760 631 2802 a
651 2758 712 2801 nou
733 2740 878 2819 episcopo
898 2738 980 2800 facta
999 2740 1086 2802 nulla

157 2837 214 2896 est.
230 2834 272 2896 nt
285 2835 348 2894 riou
362 2833 407 2896 ita
419 2836 589 2916 requiritur
602 2842 741 2916 potestas
760 2835 877 2897 ordinis
897 2834 1001 2915 quoad
1020 2837 1085 2897 ool-

154 2930 304 2994 lotionem
318 2933 574 3012 confirmationis,
591 2939 626 2996 ut
646 2934 806 2995 aliusnon
825 2932 990 3012 episcopus
1009 2949 1085 2994 oon-

155 3028 237 3089 ferre
252 3045 315 3088 uon
337 3028 445 3107 possit,
470 3028 560 3092 sicuti
582 3029 716 3092 diximus
736 3028 776 3088 de
796 3027 995 3106 baptismate.
1020 3027 1084 3089 Sed

154 3123 309 3188 distinctio
324 3127 355 3186 in
370 3127 431 3189 hoo
445 3131 501 3204 est,
526 3129 610 3208 quod
631 3145 728 3208 quum
748 3127 781 3187 in
801 3125 988 3208 baptismate
1010 3143 1084 3205 age·

153 3223 240 3279 retur
263 3221 302 3280 de
326 3226 521 3284 sacramento
546 3223 687 3284 absolute
710 3222 902 3298 necessario,
927 3220 1025 3282 voluit
1048 3227 1083 3285 ut

152 3313 295 3376 deiectus
309 3320 471 3393 potestatis
486 3321 604 3381 ordinis
618 3325 723 3400 posset
737 3340 757 3382 a
771 3321 911 3401 quolibet
928 3318 1079 3398 suppleri,

151 3412 279 3476 nonita
305 3433 380 3478 vero
408 3419 441 3479 in
470 3421 725 3498 Oontirmationc3
750 3421 806 3484 sod
829 3419 931 3482 solum
953 3421 1082 3502 possent
