2548 4020
139 294 198 352 266
347 301 677 348 1usu1uur10nasrua1s
699 301 854 348 aaronica.

140 446 341 526 elanguescit,
358 444 599 524 elanguescenlc
614 442 786 522 disciplina,
810 444 867 505 sed
885 463 942 524 per
955 463 1070 508 novam

118 539 120 544 ’
140 543 333 623 disciplinam
347 540 480 620 tempori
494 539 682 620 applicatam
696 539 864 617 reviviscit,
881 541 987 620 plures
999 543 1067 603 alias

139 639 321 701 introductae
350 644 422 699 sunt
449 636 581 716 publicae
610 652 738 714 preces,
772 642 805 721 et
826 637 1069 716 supplicationes

139 750 272 812 quarum
286 732 405 810 species
419 732 540 792 variant
554 730 782 808 propemodum
797 731 839 793 ad
853 731 1020 804 infinitum,
1037 737 1068 794 et

139 830 290 910 populum
304 828 507 890 christianum
522 825 587 888 sive
611 827 695 887 horis
718 826 839 902 diurnis
861 828 893 888 in
917 829 1066 902 ecclesiis,

140 926 204 986 sive
219 923 378 986 nocturnis
392 924 423 982 in
447 923 600 1001 oratoriis,
625 922 719 982 modo
742 922 908 984 occasione
931 924 1068 1004 publica-

139 1037 210 1082 rum
237 1017 563 1098 circumgestationum
592 1018 777 1079 sanctissimi
805 1022 997 1082 sacramenti
1019 1022 1069 1083 vel

139 1120 317 1178 sanctarum
330 1114 532 1193 reliquiarum
547 1115 579 1175 et
592 1114 777 1192 imaginum,
795 1117 889 1178 modo
905 1118 1069 1180 occasione

139 1211 379 1279 novemdialium
408 1216 461 1273 aut
489 1209 683 1286 triduorum,
721 1229 791 1290 quaa
820 1212 1068 1276 solemnitatibus

138 1306 380 1386 praemittuntur,
396 1304 488 1366 modo
504 1305 668 1366 occasione
683 1304 833 1368 festorum
843 1307 896 1385 qui
907 1311 1070 1370 sacrantur

139 1403 379 1482 pietatiscffieiis
392 1401 424 1463 in
440 1402 591 1464 bonorem
606 1401 709 1474 uoiuS,
735 1403 784 1462 vel
805 1389 934 1464 alterius
957 1404 1067 1476 sancti,

138 1499 274 1561 retinent
302 1500 471 1562 addictum.
505 1498 644 1560 Ecclesia
681 1496 769 1558 uberi
805 1495 1069 1578 indulgentiarum

139 1594 321 1674 elargitione
345 1600 507 1656 conservat
528 1603 560 1655 et
580 1592 664 1656 fovet
683 1593 741 1654 has
764 1591 955 1672 disciplinas,
980 1594 1068 1655 illum

139 1688 311 1767 protectum
326 1689 516 1770 spiritualem
533 1705 627 1766 quem
642 1688 775 1750 mortuis
792 1687 961 1768 disciplinis
974 1689 1068 1749 mori·

139 1783 197 1843 bus
211 1784 324 1846 nostris
337 1783 633 1862 improportionatiS,
651 1784 791 1845 obtinere
806 1801 869 1844 non
885 1789 999 1864 posset.

490 1975 657 2022 abstentus
680 1978 710 2024 V.

373 2111 413 2176 De
427 2123 556 2194 tempore·
567 2113 662 2174 cultui
674 2111 830 2176 destincte.

177 2275 283 2337 XVlll.
305 2274 412 2336 (tultus
432 2271 596 2352 religiosus
619 2273 651 2333 in
675 2272 814 2336 Ecclesia
838 2291 902 2335 nen
925 2280 973 2338 est
993 2275 1069 2352 quid

139 2369 428 2443 extraordinarium,
450 2368 506 2430 sed
528 2367 722 2430 ordinarium
745 2370 777 2430 et
800 2369 1016 2446 quotidianum
1036 2378 1069 2432 et

138 2468 296 2545 praeoipua
316 2464 547 2544 quedammodo
565 2464 683 2528 functio
702 2464 804 2526 vitalis
823 2464 904 2526 illius
928 2467 1067 2547 corporis

139 2559 276 2636 moralis,
299 2577 360 2620 nen
377 2577 466 2622 secus
480 2563 518 2620 ac
537 2559 699 2640 respiratio
719 2559 752 2620 in
775 2576 906 2639 corpore
928 2561 1067 2625 animali.

138 2660 219 2735 Ergo
234 2653 355 2715 nullum
369 2662 492 2735 tempus
507 2675 526 2718 a
539 2658 627 2720 cultu
641 2655 745 2718 divine
764 2657 797 2718 in
811 2658 952 2720 Ecclesia
966 2660 1069 2724 exclu-

139 2753 231 2828 ditur,
248 2751 310 2811 imo
325 2753 505 2814 uuiversum
519 2753 590 2814 vitm
607 2749 755 2814 humanae
774 2758 898 2831 tempus
917 2757 958 2818 ad
981 2755 1067 2820 illum

138 2843 268 2922 positiue
282 2843 460 2906 ordinatum
474 2848 532 2920 est,
548 2845 591 2908 ita
610 2848 645 2908 ut
658 2845 723 2908 vita
735 2846 903 2908 christiana
919 2865 989 2926 quae
1012 2867 1069 2928 par

136 2940 232 3002 fidem
258 2947 421 3004 exercetur
441 2942 474 3003 in
497 2947 601 3017 terra,
626 2941 666 3002 sit
689 2941 850 3004 exordium
873 2941 943 3005 vitae
967 2945 1067 3007 beate

137 3052 207 3112 quae
236 3036 268 3096 in
296 3036 395 3115 gloria
422 3035 691 3098 consummabitur
713 3037 745 3096 in
768 3037 867 3099 coelis.
893 3040 1010 3103 Fluxus
1037 3047 1069 3104 et

136 3129 238 3192 labilis
247 3131 396 3212 temperis
413 3149 524 3194 cursus
541 3138 587 3196 est
601 3133 802 3214 presagium,
820 3137 1022 3216 praegustatio
1036 3144 1068 3198 et

138 3228 265 3288 nuntius
280 3229 472 3291 aternitatis.

177 3321 327 3385 Videlicet
341 3324 481 3387 Ecclesia
494 3331 525 3386 et
539 3325 629 3386 annis
643 3332 674 3388 et
685 3326 798 3388 diebus
812 3329 844 3390 et
863 3326 949 3389 horis
972 3327 1067 3390 chris·

137 3419 238 3480 tianas
252 3422 420 3481 memorias
435 3427 466 3482 et
487 3422 735 3486 reminiscentias
758 3424 926 3504 impressit,
951 3425 1067 3488 edacit-

137 3529 198 3591 que
212 3517 246 3574 ut
259 3516 383 3591 tempus
397 3517 498 3594 ipsum
513 3534 531 3576 a
546 3517 768 3594 temporalibus
783 3520 927 3581 homines
941 3521 1065 3583 abstra-
