2504 4024
155 301 195 360 86
360 311 589 358 rusrlrurronus
608 311 691 358 runis
713 311 868 358 canorum.

157 457 282 518 ordinis.
295 454 465 534 respondet
485 457 532 516 est
545 457 643 516 status
663 455 865 533 magistratus
879 458 910 516 et
924 456 1083 534 principa-

155 556 214 614 tus.
241 550 304 612 Sed
327 550 368 611 ad
395 549 612 629 hujuscemodi
639 552 755 611 statum
781 567 845 611 non
873 567 983 612 omnes
1010 555 1087 613 sunt

155 646 271 722 idonei,
287 646 309 705 ii
325 663 400 706 vero
414 644 516 705 scium
530 645 584 726 qui
598 644 743 706 omnibus
756 645 817 706 sint
830 643 954 723 praediti
967 663 1086 724 praero-

156 741 267 820 gativis
289 759 358 821 quae
380 739 421 801 ad
442 743 540 802 status
560 740 642 802 iilius
662 741 769 802 munia
792 743 899 802 sancte
918 743 950 803 et
969 741 1086 804 decore

157 837 304 900 obeunda
316 836 528 916 requiruntur,
540 837 624 896 unde
639 837 778 898 Ecclesia
792 837 897 917 aliqua
910 837 1087 901 certaindi-

158 934 206 994 cia
214 933 312 1011 possit
321 931 557 1008 deprehendere
567 930 675 993 dioiooe
683 932 851 995 vocationis.
861 933 937 994 Inde
945 933 1088 994 Ecclesia

158 1025 386 1104 sapientissima
406 1025 553 1105 quaedam
571 1028 703 1106 requirit
715 1028 748 1088 in
762 1028 800 1089 iis
819 1028 873 1107 qui
886 1028 927 1090 ad
941 1029 1087 1090 ordinem

159 1121 274 1183 debent
288 1119 476 1199 promoveri.

197 1217 272 1276 Haec
285 1216 435 1295 requisita
448 1215 598 1278 nonnulla
615 1217 775 1297 generalia
789 1220 861 1280 sunt
875 1235 945 1297 quae
959 1217 1001 1280 cd
1016 1235 1087 1280 sus-

159 1312 334 1390 ceptionem
349 1312 489 1374 omnium
508 1312 653 1375 ordinum
666 1317 818 1393 spectant,
834 1314 897 1376 alic
915 1331 984 1393 quae
999 1333 1088 1393 spec-

158 1409 226 1469 tant
238 1407 271 1468 in
286 1409 389 1488 specie
403 1409 625 1472 nonnullorum
639 1409 784 1472 ordinum
797 1403 1038 1490 susceptionem.

185 1570 217 1614 iie
228 1571 335 1626 nunnius
349 1571 377 1615 ud
388 1574 545 1628 surreptionem
556 1573 656 1617 ordinum
672 1575 695 1616 in
713 1585 801 1630 genere.
817 1573 873 1618 iioec
890 1573 993 1632 requisitu
1010 1578 1062 1618 eunt

461 1641 496 1687 vel
513 1643 613 1699 reguum
631 1641 665 1687 vel
684 1643 784 1698 periitne.

503 1775 616 1830 Nucerina
626 1775 741 1831 requisita.

199 1903 237 1963 il.
264 1901 416 1980 Negativa
437 1906 510 1964 sunt
532 1906 566 1964 ιιι
584 1902 704 1962 nullum
727 1902 808 1963 adsit
825 1902 1088 1980 impedimentum

146 1982 221 2072 'quo
236 1993 407 2071 suscipiens
422 1993 626 2055 aministerio
641 1991 782 2073 ordinisj
824 1993 830 2008 '
866 1995 1025 2056 sententia
1038 2014 1090 2055 re-

160 2091 350 2149 moveretur.
362 2087 549 2168 Hujusmcdi
557 2088 782 2168 impedimenta
792 2107 861 2168 quae
873 2090 1089 2170 antiquissima

160 2184 232 2242 sunt
253 2180 286 2240 in
307 2179 460 2257 Ecclesia,
478 2180 518 2242 ad
543 2199 612 2261 quae
635 2180 838 2259 exprimenda
860 2183 982 2242 veteres
1006 2181 1089 2243 dice-

160 2276 256 2337 hant:
278 2277 450 2357 «Aliquem
470 2276 580 2357 repelli
599 2275 819 2350 aministerio;
835 2275 929 2337 ——ad
950 2277 1089 2338 ministe-

98 2419 100 2423 ,
160 2371 243 2431 rium
263 2390 326 2434 non
346 2372 488 2435 admitti:
504 2394 519 2431 n
544 2390 607 2434 non
628 2375 700 2434 anto
722 2388 793 2434 saec.
819 2386 880 2449 xri,
897 2375 932 2434 ut
951 2371 1086 2448 videtur,

161 2467 331 2529 dictasunt
344 2465 595 2545 [nepotaritotes.

202 2565 281 2625 Sunt
294 2579 370 2641 ergo
385 2561 632 2640 irregularitates
646 2556 852 2640 impedimento
871 2556 1008 2618 cononica
1023 2575 1090 2638 quo
1157 2595 1161 2604 ·

161 2657 198 2716 ob
211 2654 320 2716 ordinis
329 2654 489 2715 ministerio
498 2653 663 2734 probibent,
676 2651 798 2732 proinde
807 2659 835 2712 et
844 2650 880 2712 ob
889 2649 1087 2738 ordinemne.
1152 2725 1156 2732 ,

161 2748 403 2830 impedimento:
424 2765 488 2810 non
511 2749 595 2809 enim
618 2751 690 2810 sunt
712 2763 830 2827 poenae,
847 2745 959 2808 saitem
977 2747 1011 2806 in
1032 2763 1089 2806 suo

162 2847 315 2923 conceptu
329 2843 486 2923 generice,
499 2843 614 2923 quippe
629 2859 699 2921 quae
714 2858 778 2903 non
792 2841 898 2902 omnia
910 2842 1091 2919 supponunt

162 2939 292 3016 crimen,
314 2939 370 3001 sed
391 2941 465 3000 sunt
485 2955 574 3000 mora
593 2936 770 3010 obstacula3
795 2937 943 3013 canonico,
971 2935 1005 2996 id
1026 2937 1088 3011 est,

159 3035 231 3116 jure
246 3034 457 3098 ecclesiastico
470 3033 620 3096 inducta:
637 3032 769 3114 proinde
782 3031 815 3094 in
830 3048 940 3094 eorum
961 3047 1090 3094 censum

162 3147 225 3190 non
240 3133 445 3192 numerantur
459 3128 600 3191 defectus
614 3147 706 3190 sexus
724 3127 821 3189 virilis
836 3130 868 3188 et
880 3123 1088 3206 baptismatis,

163 3225 217 3304 qui
231 3235 341 3286 causat
354 3225 529 3287 nullitatem
543 3223 758 3300 ordinationis,
768 3221 839 3303 jure
854 3221 959 3283 divino
975 3220 1018 3281 sic
1029 3218 1091 3281 exi-

162 3321 267 3399 gente,
284 3321 340 3382 sed
355 3323 457 3383 solum
470 3321 607 3384 reddunt
620 3319 851 3382 ordinationem
864 3317 972 3398 ipsam
987 3335 1043 3395 per
1058 3333 1091 3375 se

162 3415 320 3496 loquendo
341 3416 492 3480 illicitam.
510 3419 579 3479 Non
599 3417 683 3478 enim
703 3415 754 3477 hio
776 3419 849 3476 suni
867 3412 1093 3494 impedimenta

163 3511 243 3573 sicut
257 3509 289 3572 in
304 3511 513 3588 matrimonio,
531 3527 611 3590 quae,
629 3520 727 3589 quum
745 3507 869 3569 irritant
882 3504 1089 3578 contractum,
