<?xml version="1.0" encoding="UTF-8"?>
<!DOCTYPE html PUBLIC "-//W3C//DTD XHTML 1.0 Transitional//EN"
    "http://www.w3.org/TR/xhtml1/DTD/xhtml1-transitional.dtd">
<html xmlns="http://www.w3.org/1999/xhtml" xml:lang="en" lang="en">
 <head>
  <title>
</title>
<meta http-equiv="Content-Type" content="text/html;charset=utf-8" />
  <meta name='ocr-system' content='tesseract 3.04.00' />
  <meta name='ocr-capabilities' content='ocr_page ocr_carea ocr_par ocr_line ocrx_word'/>
</head>
<body>
  <div class='ocr_page' id='page_1' title='image "./institutionesju00marigoog_0292.png"; bbox 0 0 2530 4016; ppageno 0'>
   <div class='ocr_carea' id='block_1_1' title="bbox 400 232 1103 293">
    <p class='ocr_par' dir='ltr' id='par_1_1' title="bbox 400 232 1103 293">
     <span class='ocr_line' id='line_1_1' title="bbox 400 232 1103 293; baseline 0.004 -3"><span class='ocrx_word' id='word_1_1' title='bbox 400 246 440 290; x_wconf 88' lang='lat' dir='ltr'><strong>nn</strong></span> <span class='ocrx_word' id='word_1_2' title='bbox 460 243 588 292; x_wconf 75' lang='lat' dir='ltr'><strong>carnoso</strong></span> <span class='ocrx_word' id='word_1_3' title='bbox 608 245 691 290; x_wconf 81' lang='lat' dir='ltr'><strong>sums</strong></span> <span class='ocrx_word' id='word_1_4' title='bbox 714 243 869 291; x_wconf 74' lang='lat' dir='ltr'><strong>canorum.</strong></span> <span class='ocrx_word' id='word_1_5' title='bbox 1045 232 1103 293; x_wconf 73' lang='lat'><strong>285</strong></span> 
     </span>
    </p>
   </div>
   <div class='ocr_carea' id='block_1_2' title="bbox 173 389 1104 470">
    <p class='ocr_par' dir='ltr' id='par_1_2' title="bbox 173 389 1104 470">
     <span class='ocr_line' id='line_1_2' title="bbox 173 389 1104 470; baseline -0.002 -15"><span class='ocrx_word' id='word_1_6' title='bbox 173 392 274 455; x_wconf 86' lang='lat' dir='ltr'><strong>officio</strong></span> <span class='ocrx_word' id='word_1_7' title='bbox 285 391 415 470; x_wconf 87' lang='lat' dir='ltr'><strong>pacillce</strong></span> <span class='ocrx_word' id='word_1_8' title='bbox 425 390 609 470; x_wconf 82' lang='lat' dir='ltr'><strong>fungeretur</strong></span> <span class='ocrx_word' id='word_1_9' title='bbox 618 389 693 470; x_wconf 88' lang='lat' dir='ltr'><strong>quin</strong></span> <span class='ocrx_word' id='word_1_10' title='bbox 705 390 745 451; x_wconf 91' lang='lat' dir='ltr'><strong>ab</strong></span> <span class='ocrx_word' id='word_1_11' title='bbox 756 389 854 452; x_wconf 87' lang='lat' dir='ltr'><strong>altero</strong></span> <span class='ocrx_word' id='word_1_12' title='bbox 865 393 1104 470; x_wconf 77' lang='lat' dir='ltr'><strong>perturbaretur</strong></span> 
     </span>
    </p>
   </div>
   <div class='ocr_carea' id='block_1_3' title="bbox 172 486 1102 660">
    <p class='ocr_par' dir='ltr' id='par_1_3' title="bbox 172 486 1102 660">
     <span class='ocr_line' id='line_1_3' title="bbox 172 486 749 551; baseline -0.005 -2"><span class='ocrx_word' id='word_1_13' title='bbox 172 507 244 551; x_wconf 90' lang='lat' dir='ltr'><strong>cum</strong></span> <span class='ocrx_word' id='word_1_14' title='bbox 255 488 443 550; x_wconf 88' lang='lat' dir='ltr'><strong>detrimento</strong></span> <span class='ocrx_word' id='word_1_15' title='bbox 459 487 562 548; x_wconf 88' lang='lat' dir='ltr'><strong>cultus</strong></span> <span class='ocrx_word' id='word_1_16' title='bbox 576 486 749 548; x_wconf 86' lang='lat' dir='ltr'><strong>christiani.</strong></span> 
     </span>
     <span class='ocr_line' id='line_1_4' title="bbox 210 577 1102 660; baseline 0.004 -21"><span class='ocrx_word' id='word_1_17' title='bbox 210 579 291 640; x_wconf 91' lang='lat' dir='ltr'><strong>Huic</strong></span> <span class='ocrx_word' id='word_1_18' title='bbox 304 579 351 640; x_wconf 91' lang='lat' dir='ltr'><strong>rei</strong></span> <span class='ocrx_word' id='word_1_19' title='bbox 364 578 557 657; x_wconf 83' lang='lat' dir='ltr'><strong>prospiciens</strong></span> <span class='ocrx_word' id='word_1_20' title='bbox 571 581 661 640; x_wconf 86' lang='lat' dir='ltr'><strong>vetus</strong></span> <span class='ocrx_word' id='word_1_21' title='bbox 680 577 827 638; x_wconf 80' lang='lat' dir='ltr'><strong>Ecclesiae</strong></span> <span class='ocrx_word' id='word_1_22' title='bbox 847 577 1012 657; x_wconf 90' lang='lat' dir='ltr'><strong>disciplina</strong></span> <span class='ocrx_word' id='word_1_23' title='bbox 1031 600 1102 660; x_wconf 91' lang='lat' dir='ltr'><strong>pro-</strong></span> 
     </span>
    </p>
   </div>
   <div class='ocr_carea' id='block_1_4' title="bbox 112 672 1104 3543">
    <p class='ocr_par' dir='ltr' id='par_1_4' title="bbox 168 672 1104 1796">
     <span class='ocr_line' id='line_1_5' title="bbox 173 672 1103 748; baseline 0.005 -14"><span class='ocrx_word' id='word_1_24' title='bbox 173 674 275 736; x_wconf 78' lang='lat' dir='ltr'>hibuit</span> <span class='ocrx_word' id='word_1_25' title='bbox 306 674 434 735; x_wconf 90' lang='lat' dir='ltr'><strong>omnino</strong></span> <span class='ocrx_word' id='word_1_26' title='bbox 463 673 675 735; x_wconf 76' lang='lat' dir='ltr'><strong>ordinationes</strong></span> <span class='ocrx_word' id='word_1_27' title='bbox 704 672 884 748; x_wconf 72' lang='lat' dir='ltr'><strong>absolutae,</strong></span> <span class='ocrx_word' id='word_1_28' title='bbox 915 678 946 736; x_wconf 91' lang='lat' dir='ltr'><strong>et</strong></span> <span class='ocrx_word' id='word_1_29' title='bbox 977 672 1103 739; x_wconf 85' lang='lat' dir='ltr'><strong>admisit</strong></span> 
     </span>
     <span class='ocr_line' id='line_1_6' title="bbox 170 770 1103 850; baseline 0.001 -17"><span class='ocrx_word' id='word_1_30' title='bbox 170 777 294 836; x_wconf 86' lang='lat' dir='ltr'><strong>tantum</strong></span> <span class='ocrx_word' id='word_1_31' title='bbox 307 773 340 832; x_wconf 93' lang='lat' dir='ltr'><strong>in</strong></span> <span class='ocrx_word' id='word_1_32' title='bbox 355 773 465 834; x_wconf 91' lang='lat' dir='ltr'><strong>ordine</strong></span> <span class='ocrx_word' id='word_1_33' title='bbox 480 770 521 832; x_wconf 92' lang='lat' dir='ltr'><strong>ad</strong></span> <span class='ocrx_word' id='word_1_34' title='bbox 536 789 649 832; x_wconf 91' lang='lat' dir='ltr'><strong>munus</strong></span> <span class='ocrx_word' id='word_1_35' title='bbox 664 771 791 850; x_wconf 85' lang='lat' dir='ltr'><strong>aliquod</strong></span> <span class='ocrx_word' id='word_1_36' title='bbox 807 771 1051 834; x_wconf 87' lang='lat' dir='ltr'><strong>determinatum</strong></span> <span class='ocrx_word' id='word_1_37' title='bbox 1071 775 1103 834; x_wconf 91' lang='lat' dir='ltr'><strong>in</strong></span> 
     </span>
     <span class='ocr_line' id='line_1_7' title="bbox 171 866 1104 948; baseline 0.003 -20"><span class='ocrx_word' id='word_1_38' title='bbox 171 867 278 948; x_wconf 87' lang='lat' dir='ltr'><strong>aliqua</strong></span> <span class='ocrx_word' id='word_1_39' title='bbox 292 867 433 928; x_wconf 90' lang='lat' dir='ltr'><strong>Ecclesia</strong></span> <span class='ocrx_word' id='word_1_40' title='bbox 447 867 655 928; x_wconf 87' lang='lat' dir='ltr'><strong>determinata</strong></span> <span class='ocrx_word' id='word_1_41' title='bbox 669 866 898 947; x_wconf 83' lang='lat' dir='ltr'><strong>peragendum,</strong></span> <span class='ocrx_word' id='word_1_42' title='bbox 925 887 986 948; x_wconf 90' lang='lat' dir='ltr'><strong>quo</strong></span> <span class='ocrx_word' id='word_1_43' title='bbox 1008 869 1104 931; x_wconf 89' lang='lat' dir='ltr'><strong>fiebat</strong></span> 
     </span>
     <span class='ocr_line' id='line_1_8' title="bbox 171 962 1103 1027; baseline 0 -3"><span class='ocrx_word' id='word_1_44' title='bbox 171 968 206 1026; x_wconf 89' lang='lat' dir='ltr'><strong>ut</strong></span> <span class='ocrx_word' id='word_1_45' title='bbox 229 962 390 1025; x_wconf 85' lang='lat' dir='ltr'><strong>ordinatus</strong></span> <span class='ocrx_word' id='word_1_46' title='bbox 416 963 498 1024; x_wconf 89' lang='lat' dir='ltr'><strong>hanc</strong></span> <span class='ocrx_word' id='word_1_47' title='bbox 522 965 701 1025; x_wconf 89' lang='lat' dir='ltr'><strong>concretam</strong></span> <span class='ocrx_word' id='word_1_48' title='bbox 725 963 772 1023; x_wconf 92' lang='lat' dir='ltr'><strong>sui</strong></span> <span class='ocrx_word' id='word_1_49' title='bbox 797 963 890 1025; x_wconf 88' lang='lat' dir='ltr'><strong>officii</strong></span> <span class='ocrx_word' id='word_1_50' title='bbox 915 964 1103 1027; x_wconf 87' lang='lat' dir='ltr'><strong>determlnn-</strong></span> 
     </span>
     <span class='ocr_line' id='line_1_9' title="bbox 170 1059 1104 1139; baseline -0.002 -15"><span class='ocrx_word' id='word_1_51' title='bbox 170 1063 289 1124; x_wconf 85' lang='lat' dir='ltr'><strong>tionem</strong></span> <span class='ocrx_word' id='word_1_52' title='bbox 303 1061 370 1139; x_wconf 93' lang='lat' dir='ltr'><strong>ipso</strong></span> <span class='ocrx_word' id='word_1_53' title='bbox 386 1078 483 1122; x_wconf 87' lang='lat' dir='ltr'><strong>sacrae</strong></span> <span class='ocrx_word' id='word_1_54' title='bbox 506 1059 712 1122; x_wconf 91' lang='lat' dir='ltr'><strong>ordinationis</strong></span> <span class='ocrx_word' id='word_1_55' title='bbox 735 1060 806 1120; x_wconf 90' lang='lat' dir='ltr'><strong>actu</strong></span> <span class='ocrx_word' id='word_1_56' title='bbox 825 1060 990 1139; x_wconf 88' lang='lat' dir='ltr'><strong>reciperet.</strong></span> <span class='ocrx_word' id='word_1_57' title='bbox 1009 1061 1104 1124; x_wconf 84' lang='lat' dir='ltr'><strong>Vide-</strong></span> 
     </span>
     <span class='ocr_line' id='line_1_10' title="bbox 169 1155 1104 1236; baseline -0.001 -17"><span class='ocrx_word' id='word_1_58' title='bbox 169 1158 243 1219; x_wconf 83' lang='lat' dir='ltr'><strong>licet</strong></span> <span class='ocrx_word' id='word_1_59' title='bbox 266 1175 329 1219; x_wconf 93' lang='lat' dir='ltr'><strong>non</strong></span> <span class='ocrx_word' id='word_1_60' title='bbox 353 1156 559 1218; x_wconf 85' lang='lat' dir='ltr'><strong>ordinabatur</strong></span> <span class='ocrx_word' id='word_1_61' title='bbox 582 1155 652 1235; x_wconf 91' lang='lat' dir='ltr'><strong>quis</strong></span> <span class='ocrx_word' id='word_1_62' title='bbox 675 1155 859 1233; x_wconf 79' lang='lat' dir='ltr'><strong>Episcopus,</strong></span> <span class='ocrx_word' id='word_1_63' title='bbox 885 1159 940 1218; x_wconf 88' lang='lat' dir='ltr'><strong>aut</strong></span> <span class='ocrx_word' id='word_1_64' title='bbox 961 1157 1104 1236; x_wconf 82' lang='lat' dir='ltr'><strong>praesby-</strong></span> 
     </span>
     <span class='ocr_line' id='line_1_11' title="bbox 169 1249 1101 1328; baseline -0.004 -14"><span class='ocrx_word' id='word_1_65' title='bbox 169 1257 218 1315; x_wconf 91' lang='lat' dir='ltr'><strong>ter</strong></span> <span class='ocrx_word' id='word_1_66' title='bbox 221 1296 282 1315; x_wconf 90' lang='grc'><strong>.....</strong></span> <span class='ocrx_word' id='word_1_67' title='bbox 308 1257 364 1312; x_wconf 87' lang='lat' dir='ltr'><strong>aut</strong></span> <span class='ocrx_word' id='word_1_68' title='bbox 384 1250 529 1312; x_wconf 87' lang='lat' dir='ltr'><strong>ostiarius</strong></span> <span class='ocrx_word' id='word_1_69' title='bbox 549 1251 581 1310; x_wconf 92' lang='lat' dir='ltr'><strong>in</strong></span> <span class='ocrx_word' id='word_1_70' title='bbox 607 1267 735 1328; x_wconf 88' lang='lat' dir='ltr'><strong>genere,</strong></span> <span class='ocrx_word' id='word_1_71' title='bbox 761 1249 816 1310; x_wconf 87' lang='lat' dir='ltr'><strong>sed</strong></span> <span class='ocrx_word' id='word_1_72' title='bbox 838 1249 946 1310; x_wconf 89' lang='lat' dir='ltr'><strong>ordine</strong></span> <span class='ocrx_word' id='word_1_73' title='bbox 962 1250 1045 1313; x_wconf 88' lang='lat' dir='ltr'><strong>dicto</strong></span> <span class='ocrx_word' id='word_1_74' title='bbox 1062 1251 1101 1312; x_wconf 89' lang='lat' dir='ltr'><strong>ad</strong></span> 
     </span>
     <span class='ocr_line' id='line_1_12' title="bbox 170 1343 1100 1424; baseline -0.003 -16"><span class='ocrx_word' id='word_1_75' title='bbox 170 1347 410 1409; x_wconf 82' lang='lat' dir='ltr'><strong>determinatam</strong></span> <span class='ocrx_word' id='word_1_76' title='bbox 423 1345 595 1406; x_wconf 89' lang='lat' dir='ltr'><strong>Ecclesiam</strong></span> <span class='ocrx_word' id='word_1_77' title='bbox 602 1344 637 1405; x_wconf 88' lang='lat' dir='ltr'><strong>in</strong></span> <span class='ocrx_word' id='word_1_78' title='bbox 651 1362 778 1424; x_wconf 86' lang='lat' dir='ltr'><strong>quasuo</strong></span> <span class='ocrx_word' id='word_1_79' title='bbox 791 1343 893 1406; x_wconf 87' lang='lat' dir='ltr'><strong>officio</strong></span> <span class='ocrx_word' id='word_1_80' title='bbox 904 1343 1100 1424; x_wconf 86' lang='lat' dir='ltr'><strong>fungeretur.</strong></span> 
     </span>
     <span class='ocr_line' id='line_1_13' title="bbox 169 1442 1103 1523; baseline -0.003 -16"><span class='ocrx_word' id='word_1_81' title='bbox 169 1448 268 1508; x_wconf 83' lang='lat' dir='ltr'><strong>Erant</strong></span> <span class='ocrx_word' id='word_1_82' title='bbox 281 1447 364 1507; x_wconf 90' lang='lat' dir='ltr'><strong>enim</strong></span> <span class='ocrx_word' id='word_1_83' title='bbox 379 1446 588 1509; x_wconf 89' lang='lat' dir='ltr'><strong>determinata</strong></span> <span class='ocrx_word' id='word_1_84' title='bbox 607 1443 710 1504; x_wconf 85' lang='lat' dir='ltr'><strong>officia</strong></span> <span class='ocrx_word' id='word_1_85' title='bbox 730 1461 821 1504; x_wconf 89' lang='lat' dir='ltr'><strong>sacra</strong></span> <span class='ocrx_word' id='word_1_86' title='bbox 838 1442 968 1523; x_wconf 80' lang='lat' dir='ltr'><strong>singulis</strong></span> <span class='ocrx_word' id='word_1_87' title='bbox 985 1443 1103 1505; x_wconf 89' lang='lat' dir='ltr'><strong>ordini-</strong></span> 
     </span>
     <span class='ocr_line' id='line_1_14' title="bbox 169 1539 1102 1621; baseline -0.003 -18"><span class='ocrx_word' id='word_1_88' title='bbox 169 1544 229 1604; x_wconf 93' lang='lat' dir='ltr'><strong>bus</strong></span> <span class='ocrx_word' id='word_1_89' title='bbox 252 1541 474 1621; x_wconf 87' lang='lat' dir='ltr'><strong>respondentia</strong></span> <span class='ocrx_word' id='word_1_90' title='bbox 496 1556 554 1619; x_wconf 88' lang='lat' dir='ltr'><strong>prc</strong></span> <span class='ocrx_word' id='word_1_91' title='bbox 576 1540 673 1600; x_wconf 89' lang='lat' dir='ltr'><strong>sacris</strong></span> <span class='ocrx_word' id='word_1_92' title='bbox 696 1539 909 1601; x_wconf 85' lang='lat' dir='ltr'><strong>functionibus</strong></span> <span class='ocrx_word' id='word_1_93' title='bbox 924 1540 957 1600; x_wconf 93' lang='lat' dir='ltr'><strong>in</strong></span> <span class='ocrx_word' id='word_1_94' title='bbox 972 1541 1102 1620; x_wconf 82' lang='lat' dir='ltr'><strong>singulis</strong></span> 
     </span>
     <span class='ocr_line' id='line_1_15' title="bbox 169 1635 1103 1717; baseline -0.001 -19"><span class='ocrx_word' id='word_1_95' title='bbox 169 1638 316 1699; x_wconf 90' lang='lat' dir='ltr'><strong>Ecclesiis</strong></span> <span class='ocrx_word' id='word_1_96' title='bbox 330 1636 512 1717; x_wconf 81' lang='lat' dir='ltr'><strong>peragenda</strong></span> <span class='ocrx_word' id='word_1_97' title='bbox 524 1635 667 1698; x_wconf 84' lang='lat' dir='ltr'><strong>instituta</strong></span> <span class='ocrx_word' id='word_1_98' title='bbox 680 1639 727 1698; x_wconf 89' lang='lat' dir='ltr'><strong>tot</strong></span> <span class='ocrx_word' id='word_1_99' title='bbox 741 1654 873 1698; x_wconf 92' lang='lat' dir='ltr'><strong>numero</strong></span> <span class='ocrx_word' id='word_1_100' title='bbox 884 1636 1103 1715; x_wconf 84' lang='lat' dir='ltr'><strong>quotnecessi-</strong></span> 
     </span>
     <span class='ocr_line' id='line_1_16' title="bbox 168 1731 825 1796; baseline -0.003 0"><span class='ocrx_word' id='word_1_101' title='bbox 168 1735 226 1796; x_wconf 86' lang='lat' dir='ltr'><strong>tati</strong></span> <span class='ocrx_word' id='word_1_102' title='bbox 241 1737 274 1796; x_wconf 90' lang='lat' dir='ltr'><strong>et</strong></span> <span class='ocrx_word' id='word_1_103' title='bbox 288 1734 392 1795; x_wconf 92' lang='lat' dir='ltr'><strong>decori</strong></span> <span class='ocrx_word' id='word_1_104' title='bbox 408 1733 509 1795; x_wconf 88' lang='lat' dir='ltr'><strong>cultus</strong></span> <span class='ocrx_word' id='word_1_105' title='bbox 524 1732 621 1795; x_wconf 89' lang='lat' dir='ltr'><strong>divini</strong></span> <span class='ocrx_word' id='word_1_106' title='bbox 635 1731 825 1795; x_wconf 86' lang='lat' dir='ltr'><strong>sufficerent.</strong></span> 
     </span>
    </p>

    <p class='ocr_par' dir='ltr' id='par_1_5' title="bbox 167 1827 1102 2770">
     <span class='ocr_line' id='line_1_17' title="bbox 210 1827 1102 1913; baseline -0.006 -20"><span class='ocrx_word' id='word_1_107' title='bbox 210 1831 340 1894; x_wconf 84' lang='lat' dir='ltr'><strong>Vacetio</strong></span> <span class='ocrx_word' id='word_1_108' title='bbox 368 1828 499 1910; x_wconf 85' lang='lat' dir='ltr'><strong>alicujus</strong></span> <span class='ocrx_word' id='word_1_109' title='bbox 524 1847 562 1889; x_wconf 83' lang='lat' dir='ltr'><strong>ex</strong></span> <span class='ocrx_word' id='word_1_110' title='bbox 585 1828 634 1889; x_wconf 92' lang='lat' dir='ltr'><strong>his</strong></span> <span class='ocrx_word' id='word_1_111' title='bbox 656 1828 766 1890; x_wconf 87' lang='lat' dir='ltr'><strong>officiis</strong></span> <span class='ocrx_word' id='word_1_112' title='bbox 789 1827 1005 1913; x_wconf 83' lang='lat' dir='ltr'><strong>determinatis</strong></span> <span class='ocrx_word' id='word_1_113' title='bbox 1033 1831 1102 1888; x_wconf 88' lang='lat' dir='ltr'><strong>erat</strong></span> 
     </span>
     <span class='ocr_line' id='line_1_18' title="bbox 168 1922 1101 2005; baseline -0.003 -18"><span class='ocrx_word' id='word_1_114' title='bbox 168 1925 260 2003; x_wconf 83' lang='lat' dir='ltr'><strong>ratio,</strong></span> <span class='ocrx_word' id='word_1_115' title='bbox 277 1943 332 1986; x_wconf 91' lang='lat' dir='ltr'><strong>seu</strong></span> <span class='ocrx_word' id='word_1_116' title='bbox 348 1924 451 1986; x_wconf 80' lang='lat' dir='ltr'><strong>titulus</strong></span> <span class='ocrx_word' id='word_1_117' title='bbox 465 1927 594 2005; x_wconf 88' lang='lat' dir='ltr'><strong>propter</strong></span> <span class='ocrx_word' id='word_1_118' title='bbox 605 1941 699 2005; x_wconf 89' lang='lat' dir='ltr'><strong>quem</strong></span> <span class='ocrx_word' id='word_1_119' title='bbox 708 1942 808 2000; x_wconf 87' lang='lat' dir='ltr'><strong>novus</strong></span> <span class='ocrx_word' id='word_1_120' title='bbox 820 1924 952 1984; x_wconf 89' lang='lat' dir='ltr'><strong>clericus</strong></span> <span class='ocrx_word' id='word_1_121' title='bbox 962 1922 1101 1984; x_wconf 88' lang='lat' dir='ltr'><strong>debebat</strong></span> 
     </span>
     <span class='ocr_line' id='line_1_19' title="bbox 170 2019 1102 2101; baseline -0.005 -16"><span class='ocrx_word' id='word_1_122' title='bbox 170 2023 332 2097; x_wconf 81' lang='lat' dir='ltr'><strong>ordinari3·</strong></span> <span class='ocrx_word' id='word_1_123' title='bbox 344 2025 375 2084; x_wconf 86' lang='lat' dir='ltr'><strong>et</strong></span> <span class='ocrx_word' id='word_1_124' title='bbox 389 2021 502 2083; x_wconf 89' lang='lat' dir='ltr'><strong>eodem</strong></span> <span class='ocrx_word' id='word_1_125' title='bbox 521 2027 594 2083; x_wconf 90' lang='lat' dir='ltr'><strong>actu</strong></span> <span class='ocrx_word' id='word_1_126' title='bbox 609 2039 670 2101; x_wconf 90' lang='lat' dir='ltr'><strong>quo</strong></span> <span class='ocrx_word' id='word_1_127' title='bbox 689 2020 734 2081; x_wconf 93' lang='lat' dir='ltr'><strong>illi</strong></span> <span class='ocrx_word' id='word_1_128' title='bbox 756 2038 813 2099; x_wconf 90' lang='lat' dir='ltr'><strong>pcr</strong></span> <span class='ocrx_word' id='word_1_129' title='bbox 833 2037 955 2081; x_wconf 88' lang='lat' dir='ltr'><strong>sacram</strong></span> <span class='ocrx_word' id='word_1_130' title='bbox 975 2019 1102 2081; x_wconf 89' lang='lat' dir='ltr'><strong>ordina-</strong></span> 
     </span>
     <span class='ocr_line' id='line_1_20' title="bbox 168 2116 1101 2197; baseline -0.005 -16"><span class='ocrx_word' id='word_1_131' title='bbox 168 2120 287 2182; x_wconf 88' lang='lat' dir='ltr'><strong>tionem</strong></span> <span class='ocrx_word' id='word_1_132' title='bbox 315 2136 405 2180; x_wconf 89' lang='lat' dir='ltr'><strong>sacra</strong></span> <span class='ocrx_word' id='word_1_133' title='bbox 431 2119 571 2197; x_wconf 87' lang='lat' dir='ltr'><strong>potestas</strong></span> <span class='ocrx_word' id='word_1_134' title='bbox 603 2116 846 2193; x_wconf 88' lang='lat' dir='ltr'><strong>conferebatur,</strong></span> <span class='ocrx_word' id='word_1_135' title='bbox 881 2117 1101 2178; x_wconf 87' lang='lat' dir='ltr'><strong>conferebatur</strong></span> 
     </span>
     <span class='ocr_line' id='line_1_21' title="bbox 168 2212 1101 2290; baseline -0.006 -14"><span class='ocrx_word' id='word_1_136' title='bbox 168 2215 264 2276; x_wconf 89' lang='lat' dir='ltr'><strong>etiam</strong></span> <span class='ocrx_word' id='word_1_137' title='bbox 279 2213 416 2274; x_wconf 83' lang='lat' dir='ltr'><strong>officium</strong></span> <span class='ocrx_word' id='word_1_138' title='bbox 430 2215 461 2274; x_wconf 94' lang='lat' dir='ltr'><strong>in</strong></span> <span class='ocrx_word' id='word_1_139' title='bbox 477 2217 623 2277; x_wconf 83' lang='lat' dir='ltr'><strong>concreto</strong></span> <span class='ocrx_word' id='word_1_140' title='bbox 638 2213 893 2288; x_wconf 88' lang='lat' dir='ltr'><strong>determinatum,</strong></span> <span class='ocrx_word' id='word_1_141' title='bbox 909 2216 940 2274; x_wconf 87' lang='lat' dir='ltr'><strong>et</strong></span> <span class='ocrx_word' id='word_1_142' title='bbox 955 2212 1101 2290; x_wconf 88' lang='lat' dir='ltr'><strong>potestati</strong></span> 
     </span>
     <span class='ocr_line' id='line_1_22' title="bbox 169 2301 1097 2390; baseline -0.004 -18"><span class='ocrx_word' id='word_1_143' title='bbox 169 2309 289 2372; x_wconf 89' lang='lat' dir='ltr'><strong>ordinis</strong></span> <span class='ocrx_word' id='word_1_144' title='bbox 315 2309 505 2372; x_wconf 91' lang='lat' dir='ltr'><strong>conveniens</strong></span> <span class='ocrx_word' id='word_1_145' title='bbox 529 2327 592 2389; x_wconf 89' lang='lat' dir='ltr'><strong>quo</strong></span> <span class='ocrx_word' id='word_1_146' title='bbox 612 2313 800 2390; x_wconf 88' lang='lat' dir='ltr'><strong>potestatem</strong></span> <span class='ocrx_word' id='word_1_147' title='bbox 821 2301 908 2370; x_wconf 92' lang='lat' dir='ltr'><strong>illam</strong></span> <span class='ocrx_word' id='word_1_148' title='bbox 929 2313 1097 2368; x_wconf 88' lang='lat' dir='ltr'><strong>exerceret.</strong></span> 
     </span>
     <span class='ocr_line' id='line_1_23' title="bbox 167 2403 1100 2469; baseline -0.006 -1"><span class='ocrx_word' id='word_1_149' title='bbox 167 2406 244 2469; x_wconf 90' lang='lat' dir='ltr'><strong>Inde</strong></span> <span class='ocrx_word' id='word_1_150' title='bbox 261 2410 332 2469; x_wconf 89' lang='lat' dir='ltr'><strong>ante</strong></span> <span class='ocrx_word' id='word_1_151' title='bbox 347 2408 380 2468; x_wconf 90' lang='lat' dir='ltr'><strong>S.</strong></span> <span class='ocrx_word' id='word_1_152' title='bbox 397 2406 633 2467; x_wconf 87' lang='lat' dir='ltr'><strong>Ordinationem</strong></span> <span class='ocrx_word' id='word_1_153' title='bbox 647 2405 730 2468; x_wconf 90' lang='lat' dir='ltr'><strong>tituli</strong></span> <span class='ocrx_word' id='word_1_154' title='bbox 743 2404 992 2466; x_wconf 88' lang='lat' dir='ltr'><strong>ordinandorum</strong></span> <span class='ocrx_word' id='word_1_155' title='bbox 1002 2403 1042 2464; x_wconf 85' lang='lat' dir='ltr'><strong>ab</strong></span> <span class='ocrx_word' id='word_1_156' title='bbox 1053 2421 1100 2463; x_wconf 89' lang='lat' dir='ltr'><strong>ar-</strong></span> 
     </span>
     <span class='ocr_line' id='line_1_24' title="bbox 169 2499 1101 2580; baseline -0.005 -15"><span class='ocrx_word' id='word_1_157' title='bbox 169 2503 354 2565; x_wconf 89' lang='lat' dir='ltr'><strong>chidiacono</strong></span> <span class='ocrx_word' id='word_1_158' title='bbox 370 2502 528 2566; x_wconf 88' lang='lat' dir='ltr'><strong>debebant</strong></span> <span class='ocrx_word' id='word_1_159' title='bbox 546 2501 725 2563; x_wconf 86' lang='lat' dir='ltr'><strong>annuntiari</strong></span> <span class='ocrx_word' id='word_1_160' title='bbox 741 2501 781 2580; x_wconf 86' lang='lat' dir='ltr'><strong>(c.</strong></span> <span class='ocrx_word' id='word_1_161' title='bbox 798 2517 821 2577; x_wconf 88' lang='lat'><strong>1,</strong></span> <span class='ocrx_word' id='word_1_162' title='bbox 838 2500 869 2562; x_wconf 92' lang='lat' dir='ltr'><strong>d.</strong></span> <span class='ocrx_word' id='word_1_163' title='bbox 886 2499 951 2580; x_wconf 81' lang='lat'><strong>70);</strong></span> <span class='ocrx_word' id='word_1_164' title='bbox 971 2505 1002 2560; x_wconf 90' lang='lat' dir='ltr'><strong>et</strong></span> <span class='ocrx_word' id='word_1_165' title='bbox 1017 2499 1101 2561; x_wconf 91' lang='lat' dir='ltr'><strong>ordi·</strong></span> 
     </span>
     <span class='ocr_line' id='line_1_25' title="bbox 169 2594 1100 2661; baseline -0.005 0"><span class='ocrx_word' id='word_1_166' title='bbox 169 2600 232 2661; x_wconf 91' lang='lat' dir='ltr'><strong>nati</strong></span> <span class='ocrx_word' id='word_1_167' title='bbox 248 2618 267 2660; x_wconf 88' lang='lat' dir='ltr'><strong>a</strong></span> <span class='ocrx_word' id='word_1_168' title='bbox 280 2599 369 2660; x_wconf 92' lang='lat' dir='ltr'><strong>titulo</strong></span> <span class='ocrx_word' id='word_1_169' title='bbox 385 2599 434 2659; x_wconf 92' lang='lat' dir='ltr'><strong>sui</strong></span> <span class='ocrx_word' id='word_1_170' title='bbox 448 2597 566 2659; x_wconf 89' lang='lat' dir='ltr'><strong>ordinis</strong></span> <span class='ocrx_word' id='word_1_171' title='bbox 581 2597 767 2658; x_wconf 83' lang='lat' dir='ltr'><strong>dicebantur</strong></span> <span class='ocrx_word' id='word_1_172' title='bbox 780 2596 863 2657; x_wconf 91' lang='lat' dir='ltr'><strong>illins</strong></span> <span class='ocrx_word' id='word_1_173' title='bbox 885 2594 1100 2658; x_wconf 77' lang='lat' dir='ltr'><strong>determinatae</strong></span> 
     </span>
     <span class='ocr_line' id='line_1_26' title="bbox 168 2688 1100 2770; baseline -0.006 -16"><span class='ocrx_word' id='word_1_174' title='bbox 168 2693 316 2756; x_wconf 80' lang='lat' dir='ltr'><strong>Ecclesiae</strong></span> <span class='ocrx_word' id='word_1_175' title='bbox 332 2689 522 2754; x_wconf 89' lang='lat' dir='ltr'><strong>cathedralis</strong></span> <span class='ocrx_word' id='word_1_176' title='bbox 537 2689 687 2770; x_wconf 88' lang='lat' dir='ltr'><strong>episcopi,</strong></span> <span class='ocrx_word' id='word_1_177' title='bbox 704 2692 759 2752; x_wconf 91' lang='lat' dir='ltr'><strong>aut</strong></span> <span class='ocrx_word' id='word_1_178' title='bbox 773 2689 925 2767; x_wconf 88' lang='lat' dir='ltr'><strong>canonici,</strong></span> <span class='ocrx_word' id='word_1_179' title='bbox 949 2695 1004 2751; x_wconf 89' lang='lat' dir='ltr'><strong>aut</strong></span> <span class='ocrx_word' id='word_1_180' title='bbox 1017 2688 1100 2750; x_wconf 92' lang='lat' dir='ltr'><strong>illius</strong></span> 
     </span>
    </p>

    <p class='ocr_par' dir='ltr' id='par_1_6' title="bbox 112 2777 1100 3543">
     <span class='ocr_line' id='line_1_27' title="bbox 149 2777 1100 2868; baseline -0.008 -16"><span class='ocrx_word' id='word_1_181' title='bbox 149 2777 150 2780; x_wconf 25' lang='lat'>¹</span> <span class='ocrx_word' id='word_1_182' title='bbox 168 2789 315 2852; x_wconf 85' lang='lat' dir='ltr'><strong>Ecclesiae</strong></span> <span class='ocrx_word' id='word_1_183' title='bbox 330 2787 516 2868; x_wconf 82' lang='lat' dir='ltr'><strong>praesbyteri</strong></span> <span class='ocrx_word' id='word_1_184' title='bbox 519 2831 608 2850; x_wconf 89' lang='grc'><strong>.......</strong></span> <span class='ocrx_word' id='word_1_185' title='bbox 626 2786 754 2864; x_wconf 90' lang='lat' dir='ltr'><strong>ostiarii,</strong></span> <span class='ocrx_word' id='word_1_186' title='bbox 772 2805 844 2848; x_wconf 91' lang='lat' dir='ltr'><strong>cum</strong></span> <span class='ocrx_word' id='word_1_187' title='bbox 863 2786 958 2847; x_wconf 90' lang='lat' dir='ltr'><strong>etiam</strong></span> <span class='ocrx_word' id='word_1_188' title='bbox 973 2785 1100 2847; x_wconf 88' lang='lat' dir='ltr'><strong>ordines</strong></span> 
     </span>
     <span class='ocr_line' id='line_1_28' title="bbox 166 2879 1100 2946; baseline -0.007 0"><span class='ocrx_word' id='word_1_189' title='bbox 166 2885 305 2946; x_wconf 87' lang='lat' dir='ltr'><strong>minores</strong></span> <span class='ocrx_word' id='word_1_190' title='bbox 328 2902 436 2946; x_wconf 89' lang='lat' dir='ltr'><strong>secum</strong></span> <span class='ocrx_word' id='word_1_191' title='bbox 459 2883 578 2946; x_wconf 85' lang='lat' dir='ltr'><strong>ferrent</strong></span> <span class='ocrx_word' id='word_1_192' title='bbox 600 2883 703 2946; x_wconf 87' lang='lat' dir='ltr'><strong>officia</strong></span> <span class='ocrx_word' id='word_1_193' title='bbox 727 2883 879 2944; x_wconf 83' lang='lat' dir='ltr'><strong>effectiva.</strong></span> <span class='ocrx_word' id='word_1_194' title='bbox 897 2883 971 2942; x_wconf 81' lang='lat' dir='ltr'><strong>Haeo</strong></span> <span class='ocrx_word' id='word_1_195' title='bbox 984 2879 1100 2941; x_wconf 91' lang='lat' dir='ltr'><strong>indivi-</strong></span> 
     </span>
     <span class='ocr_line' id='line_1_29' title="bbox 112 2975 1100 3057; baseline -0.003 -16"><span class='ocrx_word' id='word_1_196' title='bbox 112 2977 115 2982; x_wconf 78' lang='grc'><strong>’</strong></span> <span class='ocrx_word' id='word_1_197' title='bbox 169 2979 274 3041; x_wconf 81' lang='lat' dir='ltr'><strong>ductio</strong></span> <span class='ocrx_word' id='word_1_198' title='bbox 290 2979 384 3041; x_wconf 89' lang='lat' dir='ltr'><strong>officii</strong></span> <span class='ocrx_word' id='word_1_199' title='bbox 398 2979 513 3041; x_wconf 88' lang='lat' dir='ltr'><strong>saorla</strong></span> <span class='ocrx_word' id='word_1_200' title='bbox 533 2979 654 3042; x_wconf 87' lang='lat' dir='ltr'><strong>clericis</strong></span> <span class='ocrx_word' id='word_1_201' title='bbox 680 2977 849 3057; x_wconf 83' lang='lat' dir='ltr'><strong>praestandi</strong></span> <span class='ocrx_word' id='word_1_202' title='bbox 869 2975 1100 3038; x_wconf 86' lang='lat' dir='ltr'><strong>determinabat</strong></span> 
     </span>
     <span class='ocr_line' id='line_1_30' title="bbox 167 3070 1098 3138; baseline -0.003 -3"><span class='ocrx_word' id='word_1_203' title='bbox 167 3093 258 3136; x_wconf 88' lang='lat' dir='ltr'><strong>sacra</strong></span> <span class='ocrx_word' id='word_1_204' title='bbox 281 3075 383 3137; x_wconf 84' lang='lat' dir='ltr'><strong>cilicia</strong></span> <span class='ocrx_word' id='word_1_205' title='bbox 403 3076 435 3136; x_wconf 93' lang='lat' dir='ltr'><strong>in</strong></span> <span class='ocrx_word' id='word_1_206' title='bbox 456 3079 613 3138; x_wconf 86' lang='lat' dir='ltr'><strong>concreto.</strong></span> <span class='ocrx_word' id='word_1_207' title='bbox 639 3077 768 3136; x_wconf 88' lang='lat' dir='ltr'><strong>Etcum</strong></span> <span class='ocrx_word' id='word_1_208' title='bbox 787 3073 855 3134; x_wconf 84' lang='lat' dir='ltr'><strong>haec</strong></span> <span class='ocrx_word' id='word_1_209' title='bbox 879 3070 1098 3138; x_wconf 84' lang='lat' dir='ltr'><strong>determinatio</strong></span> 
     </span>
     <span class='ocr_line' id='line_1_31' title="bbox 166 3168 1097 3245; baseline -0.004 -14"><span class='ocrx_word' id='word_1_210' title='bbox 166 3173 257 3234; x_wconf 87' lang='lat' dir='ltr'><strong>lieret</strong></span> <span class='ocrx_word' id='word_1_211' title='bbox 280 3173 392 3234; x_wconf 87' lang='lat' dir='ltr'><strong>eodem</strong></span> <span class='ocrx_word' id='word_1_212' title='bbox 417 3175 448 3235; x_wconf 92' lang='lat' dir='ltr'><strong>S.</strong></span> <span class='ocrx_word' id='word_1_213' title='bbox 476 3170 681 3233; x_wconf 87' lang='lat' dir='ltr'><strong>ordinationis</strong></span> <span class='ocrx_word' id='word_1_214' title='bbox 702 3175 794 3245; x_wconf 84' lang='lat' dir='ltr'><strong>actu,</strong></span> <span class='ocrx_word' id='word_1_215' title='bbox 817 3169 862 3230; x_wconf 88' lang='lat' dir='ltr'><strong>ita</strong></span> <span class='ocrx_word' id='word_1_216' title='bbox 882 3171 915 3230; x_wconf 88' lang='lat' dir='ltr'><strong>ut</strong></span> <span class='ocrx_word' id='word_1_217' title='bbox 935 3168 1012 3228; x_wconf 92' lang='lat' dir='ltr'><strong>ordo</strong></span> <span class='ocrx_word' id='word_1_218' title='bbox 1034 3185 1097 3229; x_wconf 90' lang='lat' dir='ltr'><strong>non</strong></span> 
     </span>
     <span class='ocr_line' id='line_1_32' title="bbox 167 3263 1099 3347; baseline -0.004 -19"><span class='ocrx_word' id='word_1_219' title='bbox 167 3269 385 3347; x_wconf 87' lang='lat' dir='ltr'><strong>conciperetur</strong></span> <span class='ocrx_word' id='word_1_220' title='bbox 398 3269 457 3330; x_wconf 92' lang='lat' dir='ltr'><strong>nisi</strong></span> <span class='ocrx_word' id='word_1_221' title='bbox 471 3269 504 3330; x_wconf 94' lang='lat' dir='ltr'><strong>in</strong></span> <span class='ocrx_word' id='word_1_222' title='bbox 519 3267 628 3330; x_wconf 89' lang='lat' dir='ltr'><strong>ordine</strong></span> <span class='ocrx_word' id='word_1_223' title='bbox 644 3265 683 3327; x_wconf 90' lang='lat' dir='ltr'><strong>ad</strong></span> <span class='ocrx_word' id='word_1_224' title='bbox 699 3265 942 3327; x_wconf 85' lang='lat' dir='ltr'><strong>determinatum</strong></span> <span class='ocrx_word' id='word_1_225' title='bbox 958 3263 1036 3324; x_wconf 91' lang='lat' dir='ltr'><strong>illud</strong></span> <span class='ocrx_word' id='word_1_226' title='bbox 1052 3263 1099 3325; x_wconf 86' lang='lat' dir='ltr'><strong>of-</strong></span> 
     </span>
     <span class='ocr_line' id='line_1_33' title="bbox 166 3361 1095 3446; baseline -0.002 -22"><span class='ocrx_word' id='word_1_227' title='bbox 166 3365 284 3442; x_wconf 91' lang='lat' dir='ltr'><strong>ficium,</strong></span> <span class='ocrx_word' id='word_1_228' title='bbox 313 3364 611 3446; x_wconf 69' lang='lat' dir='ltr'><strong>apprehendebantur</strong></span> <span class='ocrx_word' id='word_1_229' title='bbox 630 3364 734 3442; x_wconf 90' lang='lat' dir='ltr'><strong>ipsum</strong></span> <span class='ocrx_word' id='word_1_230' title='bbox 756 3361 894 3424; x_wconf 85' lang='lat' dir='ltr'><strong>officium</strong></span> <span class='ocrx_word' id='word_1_231' title='bbox 917 3361 996 3422; x_wconf 90' lang='lat' dir='ltr'><strong>sicut</strong></span> <span class='ocrx_word' id='word_1_232' title='bbox 1019 3362 1095 3422; x_wconf 91' lang='lat' dir='ltr'><strong>ordo</strong></span> 
     </span>
     <span class='ocr_line' id='line_1_34' title="bbox 168 3457 1097 3543; baseline -0.003 -22"><span class='ocrx_word' id='word_1_233' title='bbox 168 3465 351 3543; x_wconf 85' lang='lat' dir='ltr'><strong>perpetuus,</strong></span> <span class='ocrx_word' id='word_1_234' title='bbox 366 3463 411 3524; x_wconf 84' lang='lat' dir='ltr'><strong>ita</strong></span> <span class='ocrx_word' id='word_1_235' title='bbox 425 3465 461 3524; x_wconf 89' lang='lat' dir='ltr'><strong>ut</strong></span> <span class='ocrx_word' id='word_1_236' title='bbox 480 3478 543 3522; x_wconf 91' lang='lat' dir='ltr'><strong>non</strong></span> <span class='ocrx_word' id='word_1_237' title='bbox 564 3459 623 3522; x_wconf 90' lang='lat' dir='ltr'><strong>nisi</strong></span> <span class='ocrx_word' id='word_1_238' title='bbox 643 3459 846 3541; x_wconf 87' lang='lat' dir='ltr'><strong>suspensione</strong></span> <span class='ocrx_word' id='word_1_239' title='bbox 868 3463 924 3520; x_wconf 84' lang='lat' dir='ltr'><strong>ent</strong></span> <span class='ocrx_word' id='word_1_240' title='bbox 943 3457 1097 3539; x_wconf 81' lang='lat' dir='ltr'><strong>degrada-</strong></span> 
     </span>
    </p>
   </div>
   <div class='ocr_carea' id='block_1_5' title="bbox 0 0 1270 4016">
    <p class='ocr_par' dir='ltr' id='par_1_7' title="bbox 0 0 1270 4016">
     <span class='ocr_line' id='line_1_35' title="bbox 0 0 1270 4016; baseline 0 2"><span class='ocrx_word' id='word_1_241' title='bbox 0 0 1270 4016; x_wconf 95' lang='lat' dir='ltr'><strong> </strong></span> 
     </span>
    </p>
   </div>
  </div>
 </body>
</html>
