2504 4024
152 292 191 354 90
357 297 584 346 lnsrl‘rorloltns
605 297 687 343 rums
709 295 865 342 cnoootcl.

153 449 222 511 licis
241 446 293 507 vel
313 463 350 506 ex
371 442 623 522 persecutoribus
646 440 830 502 clericorum
853 441 1076 521 cardinalium,

152 543 202 602 vol
234 559 273 601 ex
300 539 440 620 patronis
470 538 522 618 qui
551 536 787 600 beneficiorium
818 537 966 599 clericum
996 532 1081 601 oeci-

153 638 315 790 dlsisfldtliae
336 727 474 789 indolem
495 729 525 788 et
545 724 749 786 tendentium.
768 725 833 786 Sub
855 725 914 786 hoc
934 731 1081 805 respectu

153 827 299 886 arcentur
323 822 376 902 qui
400 823 451 884 vel
477 821 603 902 spiritns
630 819 870 882 mansuetudine
898 826 1009 881 carent
1031 823 1082 884 vel

153 934 260 979 amore
274 914 485 990 continentie,
498 932 553 974 seu
569 912 679 991 quiite
693 911 797 974 animo
812 911 997 972 conformati
1009 918 1083 975 sunt

154 1018 189 1073 ut
208 1013 248 1073 ad
266 1009 419 1094 ,ferociam
440 1009 490 1070 vel
511 1008 552 1069 od
573 1006 735 1069 libidinem
755 1005 923 1069 videantur
935 1007 1079 1085 proclivi.

153 1110 275 1194 Duplex·
294 1107 345 1168 hic
366 1106 507 1170 defectus
528 1106 652 1182 dicitur,
670 1105 750 1167 alter
768 1105 917 1184 lenitatis,
934 1107 1014 1168 alter
1034 1126 1082 1169 sa·

154 1201 314 1266 crementi.

193 1302 224 1359 l⁰
252 1297 461 1359 Homicidium
491 1301 523 1356 et
552 1294 705 1357 mutilatio
734 1295 840 1374 aliqua
866 1295 1082 1357 membrorum

153 1392 329 1469 voluntario,
345 1393 418 1453 licet
428 1391 512 1471 justo
525 1391 593 1467 ilat,
610 1377 717 1452 temeri
737 1407 834 1470 quum
855 1390 953 1451 resin
968 1407 1001 1451 se
1016 1407 1083 1451 ma-

152 1488 304 1550 terialiter
317 1488 458 1566 spectata
471 1486 543 1547 talis
553 1485 621 1547 sita
632 1503 695 1564 qua
708 1474 866 1564 refugiant
880 1484 975 1547 animi
990 1485 1083 1546 mites

153 1585 184 1644 ot
198 1583 239 1644 ad
252 1581 526 1644 mansuetudinem
543 1580 713 1656 informati,
731 1580 784 1660 qui
798 1598 818 1641 a
831 1581 992 1660 sanguinis
1006 1583 1083 1642 eiiu-

153 1678 240 1738 sions
262 1677 443 1749 abhorrent,
459 1675 527 1736 visa
547 1680 619 1739 sunt
640 1692 702 1737 non
723 1676 804 1738 bene
826 1675 972 1753 componi
990 1693 1083 1753 posse

153 1791 226 1835 cum
239 1771 345 1834 animo
360 1770 560 1848 sacerdotali,
576 1771 665 1851 cnjus
685 1771 824 1832 osticium
837 1771 878 1831 ad
892 1771 1083 1832 sacrificium

151 1869 351 1930 incruentum
372 1865 550 1943 ordinatur,
567 1866 657 1947 cujus
676 1883 781 1928 mores
803 1866 844 1927 ad
866 1866 1084 1928 mansuetudi-

153 1980 226 2023 nem
240 1966 272 2024 et
291 1960 435 2022 mititiem
457 1960 574 2023 debent
594 1979 662 2023 asse
684 1961 857 2040 compositi.
875 1961 952 2024 luds
973 1962 1085 2041 hujus-

152 2057 237 2118 modi
258 2056 395 2117 lenitatis
418 2055 541 2118 defectu
574 2074 682 2118 omnes
705 2056 727 2118 ii
749 2061 950 2119 removentur
973 2059 1028 2138 qui
1051 2057 1083 2118 in

153 2170 249 2213 causa
276 2151 439 2214 occisionis
459 2152 510 2214 vel
532 2151 736 2216 mutilationis
764 2153 914 2232 implicati
941 2153 1080 2216 fuerunt.

153 2248 226 2310 Trio
239 2251 312 2312 sunt
326 2249 471 2327 exempla
482 2249 515 2308 in
530 2249 590 2312 hoc
608 2249 779 2328 proposito,
795 2249 943 2310 nimirum
956 2249 989 2310 in
1003 2249 1084 2312 mili-

152 2343 211 2404 tari
226 2344 432 2422 professione,
448 2377 488 2390 -
501 2344 533 2404 in
548 2345 650 2405 causis
661 2343 835 2424 judiciariis
855 2344 1080 2423 criminalibus,

152 2441 237 2500 -in
252 2439 438 2519 chirurgicae
454 2445 486 2500 et
499 2439 629 2502 medieae
645 2440 720 2502 artis
735 2439 946 2518 professione.

192 2536 237 2594 De
252 2533 402 2594 militibus.
418 2567 458 2580 -
472 2535 585 2596 Milites
606 2534 661 2616 qui
680 2535 713 2596 in
734 2535 881 2598 conflictu
902 2537 1036 2598 mortem
1050 2535 1083 2596 in

153 2627 348 2688 adversarios
363 2628 546 2703 intulerunt,
558 2630 673 2691 velens
687 2631 881 2708 mutilarunt,
893 2632 1082 2711 irregulares

154 2722 291 2784 evadunt
308 2741 315 2782 :
332 2723 530 2800 excipiuntur
552 2725 657 2786 clerici
682 2727 736 2805 qui
756 2745 795 2787 ex
813 2727 915 2789 officio
939 2727 989 2789 vel
1012 2733 1084 2789 tan·

154 2833 249 2896 quarn
263 2815 420 2896 principes
435 2819 603 2881 saeculares
616 2820 735 2882 bellum
750 2827 875 2902 gerunt,
892 2823 1082 2885 veltuendae

153 2907 286 2970 civitatis
308 2926 404 2970 causa
425 2912 572 2974 excubias
588 2917 618 2976 et
632 2914 755 2994 vigilias
775 2915 894 2980 faciunt
913 2937 951 2978 ex
965 2917 1079 2979 officio.

192 3004 227 3064 ln
242 3003 370 3084 judiciis
387 3004 587 3069 criminalibus
605 3011 637 3069 in
657 3028 753 3072 cansa
772 3012 933 3091 sanguinis
944 3011 1079 3095 judiees,

154 3099 207 3178 qui
221 3101 408 3176 sententiam
421 3102 530 3164 mortis
550 3106 729 3184 proterunt,
746 3113 960 3186 accusatores,
978 3112 1083 3187 patro-

153 3209 227 3269 nus,
242 3198 338 3257 testes
356 3199 468 3274 sponte
480 3215 515 3258 se
530 3199 712 3278 offerentes,
729 3201 863 3264 ministri
883 3203 938 3282 qui
958 3206 1082 3265 senten-

153 3287 229 3348 tiam
244 3295 467 3370 cxsequuntur,
481 3296 633 3355 eteorum
647 3296 807 3376 adjutores
822 3299 875 3378 qui
889 3298 1029 3377 proximo
1040 3299 1081 3360 ad

155 3382 342 3444 occisionem
356 3377 406 3446 vel
420 3388 649 3454 mutilationem
665 3399 866 3456 concurrunt.
883 3396 957 3459 Haec
970 3397 1082 3477 regula

154 3481 186 3537 et
196 3476 292 3538 habet
305 3496 377 3539 suas
392 3481 601 3560 exceptiones.
