2504 4024
182 295 239 353 136
386 301 715 349 1nsr1rurrounssun1s
737 299 892 347 cenoman

181 454 258 514 Cum
286 465 360 528 ergo
385 447 453 528 jam
480 444 738 506 cousuetudinem
765 444 929 507 habebatis
949 445 1108 508 dimittere

181 565 293 609 uxores
316 547 452 620 vestrae,
473 543 596 620 Moyses
618 540 781 602 mandavit
802 541 943 614 libellum
963 543 1105 621 repudii;

180 661 242 703 non
265 645 371 702 autem
400 639 567 719 repudium
593 637 767 714 mandavit,
797 637 853 698 sed
880 637 1032 715 permisit.
1058 638 1108 700 hh

110 739 112 744 ’
179 741 267 802 initio
282 743 389 800 autem
403 756 466 799 non
480 737 608 798 fuitsic.
1165 803 1170 808 -

218 840 266 899 Ita
286 853 396 896 eversa
412 834 641 894 Pharisaeorum
661 831 827 909 instantia,
850 834 999 895 manebat
1020 837 1107 914 quod

179 938 272 992 antea
299 930 417 991 dictum
440 947 458 988 a
482 928 604 990 Christo
633 932 715 1004 erat,
732 927 878 988 videlicet
902 929 987 1008 quod
1014 929 1105 1006 licet,

177 1027 266 1106 juxta
283 1026 386 1104 legem
405 1029 591 1098 mosaicam,
609 1024 648 1083 ob
667 1028 951 1101 temperamentum
971 1024 1107 1104 discipli-

179 1141 254 1182 nare
270 1120 445 1182 adhibitum
463 1137 519 1198 pro
538 1118 654 1196 indole,
682 1119 837 1195 moribus,
862 1119 980 1180 viribus
998 1123 1107 1200 populi

175 1216 306 1297 judaici,
324 1233 386 1277 uon
406 1215 595 1294 puniebatur
615 1220 766 1294 tanquam
788 1213 988 1293 adulterium,
1005 1219 1031 1277 si
1045 1219 1105 1295 vir,

179 1315 307 1376 dimissa
328 1330 435 1390 uxore,
452 1312 546 1372 aliam
568 1312 708 1387 duceret,
724 1311 775 1373 vel
789 1312 856 1372 vice
876 1330 981 1385 versa;
999 1319 1107 1374 tamen

176 1408 267 1489 juxta
297 1411 485 1484 conceptum
506 1405 551 1465 rei
576 1403 787 1484 dogmaticum
815 1421 909 1483 quem
936 1404 1108 1466 insinuavit

178 1503 301 1580 Moyses
316 1504 347 1562 et
360 1501 392 1561 in
407 1499 516 1560 ordine
531 1499 572 1559 ad
587 1516 682 1577 quem
700 1498 841 1559 Christus
862 1497 1043 1578 conjugium
1057 1517 1108 1559 re-

178 1615 291 1677 parare
305 1596 441 1672 volebat,
454 1597 481 1655 si
495 1595 575 1675 quis,
588 1595 716 1655 dimissa
729 1611 838 1672 uxore,
855 1595 948 1655 aliam
963 1595 1105 1672 duceret,

176 1693 209 1751 in
231 1689 398 1753 maechiam
421 1681 590 1762 laberetur,
608 1692 639 1749 et
652 1688 678 1748 si
700 1687 770 1767 quis
793 1687 953 1748 dimissam
977 1689 1109 1751 duceret

177 1786 328 1847 similiter.
342 1787 381 1848 ut
390 1801 465 1844 sane
480 1784 525 1845 ita
538 1782 746 1844 concludebat
759 1801 936 1844 sermonem
951 1783 1106 1846 Christus

178 1885 215 1945 V.
227 1881 289 1944 Sed
304 1880 520 1941 difficultatem
533 1878 609 1941 fecit
621 1880 745 1958 phrasis
756 1880 929 1940 sermonis:

217 1979 288 2039 Dico
312 1985 408 2038 autem
431 1975 520 2053 cobis,
536 1975 616 2054 quea
628 1975 800 2057 quicumque
822 1974 965 2035 dimiserit
983 1993 1107 2036 umorem

94 2056 99 2066 ’
176 2092 270 2146 suum,
285 2073 345 2132 uici
356 2072 393 2133 ab
405 2070 625 2150 fornicationem
640 2080 667 2131 ct
680 2070 769 2131 aliam
782 2069 910 2147 duxerit,
927 2068 1108 2146 mactatum

176 2177 204 2229 ct
217 2168 270 2248 qui
281 2166 428 2228 dimissam
442 2166 572 2238 duxerit,
587 2164 759 2226 moechatur.

216 2264 307 2323 Certe
329 2263 492 2322 contextus
513 2259 612 2320 omnis
632 2258 820 2319 antecedens
834 2276 897 2319 non
911 2258 1035 2321 videtur
1048 2259 1105 2320 im·

176 2355 632 2436 portarehancexceptionem3
646 2373 703 2415 nec
713 2354 857 2415 eamdem
867 2354 984 2416 habent
994 2371 1106 2434 excep-

176 2453 294 2516 tionem
315 2453 386 2512 loca
410 2453 561 2530 parallela
583 2452 648 2512 sive
672 2450 786 2528 Marci,
813 2450 878 2511 sive
900 2453 1010 2528 Lucae,
1038 2451 1105 2512 sive

175 2547 264 2607 Pauli
279 2547 317 2606 ad
334 2547 520 2608 Corinthios.
538 2549 620 2626 Ergo
636 2545 776 2608 Christus
797 2551 881 2606 certe
901 2546 1000 2607 noluit
1021 2549 1106 2608 exci-

176 2660 250 2719 pere
260 2641 435 2716 amoechia,
447 2659 538 2702 casus
553 2659 706 2702 novarum
720 2642 900 2720 nuptiarum
914 2647 985 2720 post
998 2642 1105 2704 dimis-

175 2737 295 2797 sionem
310 2736 419 2812 primae
440 2735 544 2796 uxoris
558 2735 594 2795 ob
606 2736 836 2816 fornicationem.
852 2771 893 2784 -
907 2739 988 2809 Ouid
1008 2739 1106 2817 ergo?

177 2896 180 2902 ,
215 2830 431 2892 Animadverti
450 2831 544 2892 debet
563 2832 647 2911 quod
663 2833 877 2895 controversia
895 2834 1017 2895 Christo
1031 2853 1104 2913 pro·

175 2927 286 3008 posita,
303 2926 375 2986 licet
389 2926 521 2988 haberet
534 2931 636 2989 totum
650 2945 742 2988 suum
757 2930 954 3008 suppositum
972 2930 1106 3010 dogma-

174 3024 283 3101 ticum,
299 3029 405 3084 tamen
420 3027 487 3084 erat
501 3022 720 3102 disciplinaris.
854 3020 857 3025 ’

214 3121 365 3184 Pharisaei
383 3121 469 3182 velut
488 3137 551 3180 uon
570 3120 748 3182 dubitantes
763 3121 802 3181 de
815 3121 976 3184 licitudiue
996 3122 1119 3184 dimia.

175 3216 288 3292 sionis,
315 3216 496 3296 etquidem
527 3216 631 3296 quoad
658 3217 832 3293 vinculum,
864 3219 909 3279 uti
936 3217 1101 3296 putabant,

175 3311 358 3386 quaerebant
373 3310 524 3374 decausis
539 3311 691 3392 ejusdem.
704 3315 779 3376 Haec
794 3314 925 3393 quaestio
936 3314 975 3375 de
986 3315 1101 3389 caesia,

175 3406 414 3481 praescinde'udo
447 3409 486 3468 ab
518 3408 790 3472 indissolubilitate
821 3410 958 3487 vinculi,
993 3409 1103 3473 fuisset

115 3565 119 3572 ,
175 3503 304 3581 quaestio
324 3522 410 3565 mere
431 3505 648 3585 disciplinaris.
666 3509 792 3572 Poterat
811 3508 894 3569 cuim
914 3508 1035 3588 concipi
1054 3509 1103 3570 di·
