2530 4016
416 297 454 344 on
476 299 603 347 nurnero
623 299 706 350 run1s
728 302 882 353 sanamur.
1059 297 1116 360 273

184 441 380 518 omissiones,
397 441 587 522 praescripsit
601 448 635 506 ut
649 446 722 507 enni
738 451 904 527 sequentes
914 452 955 513 ab
965 452 1018 515 illo
1033 473 1115 520 anno

184 539 375 602 confusionis
390 538 429 598 de
451 540 648 619 quatriennio
670 541 702 602 iu
724 545 946 622 quatriennum
964 550 1116 616 haberent

183 655 302 698 annum
315 635 534 699 intercalarem
551 638 605 718 qui
619 640 709 701 fieret
720 641 973 724 unadiclongior
982 651 1112 728 casteria,

182 732 354 813 repetendo
369 733 418 794 bis
432 737 555 794 sextum
569 734 721 796 kalendas
735 738 875 812 martiae,
888 739 1034 806 videlicet
1048 745 1114 808 dies

181 828 334 908 vigesima
349 832 463 908 quarta
476 829 627 892 februarii
637 830 728 911 juxta
750 837 890 896 nostram
911 841 1114 918 computandi

181 926 346 988 rationem.

220 1021 368 1082 Jamvero
397 1021 428 1082 in
461 1020 650 1084 kalendariis
682 1024 829 1087 Ecclesiae
863 1029 1023 1108 perpetuis
1051 1031 1112 1092 diei

180 1119 219 1178 24
233 1115 384 1178 februarii
398 1134 454 1178 seu
468 1121 555 1180 sexto
575 1118 727 1180 kalendas
751 1120 855 1182 martii
876 1125 1046 1202 respondet
1064 1126 1112 1190 lit-

180 1217 248 1275 tera
261 1216 286 1274 F
301 1231 370 1294 quae
390 1213 507 1290 pariter
526 1214 616 1275 annis
640 1216 865 1279 bis-sextilibus
889 1220 1109 1300 duplicabitur.

179 1312 245 1371 Hac
269 1310 517 1389 reduplicatione
544 1311 637 1371 unius
659 1311 771 1374 litterae
794 1313 876 1376 infra
899 1318 1112 1395 septenarium

179 1407 254 1486 (non
268 1405 471 1486 reduplicatis
486 1405 582 1486 seriis)
597 1425 667 1486 quae
683 1409 836 1488 contingit
849 1410 932 1472 intra
946 1430 1063 1475 annum
1078 1415 1110 1474 in

177 1503 345 1580 bissextis
361 1502 548 1580 producitur
561 1520 600 1563 ee
613 1505 809 1582 percurbatio
822 1505 998 1571 litterarum
1012 1509 1110 1570 domi·

177 1598 324 1660 uioalium
345 1598 428 1659 intra
451 1616 570 1659 annum
592 1617 662 1679 quae
685 1601 842 1663 ordinario
866 1603 1050 1681 producitur
1070 1604 1109 1666 de

176 1713 259 1756 anno
273 1695 307 1755 in
325 1712 444 1756 annum
462 1695 589 1773 quando
607 1697 683 1757 anni
705 1701 778 1766 sunt
801 1716 992 1761 communes.
1018 1701 1108 1764 vide-

45 1869 48 1874 ,
174 1791 249 1854 licet
262 1809 282 1851 a
295 1789 446 1852 bis-sexto
462 1791 614 1853 kalendas
628 1793 750 1871 martii,
767 1812 822 1855 seu
838 1797 917 1857 adie
931 1800 969 1859 25
985 1797 1109 1858 fabrua-

175 1884 214 1944 rii
235 1882 386 1944 inclusive
411 1885 563 1963 tanquam
586 1884 612 1944 si
636 1892 718 1946 esset
738 1885 862 1948 initium
885 1886 1012 1950 alterius
1033 1889 1107 1949 anni

174 1980 286 2043 litterae
301 1998 398 2041 unam
412 1979 523 2060 feriam
543 1981 723 2042 transiliunt
743 1999 799 2042 sen
819 1981 905 2044 feriis
926 1983 1107 2044 immediate

174 2075 378 2158 sequentibus
392 2076 585 2156 respondent
598 2077 709 2138 littcrae
723 2076 902 2140 immediate
920 2079 1106 2142 anteceden-

172 2177 231 2248 tes,
249 2188 305 2232 seu
318 2171 459 2232 mutatur
471 2167 575 2230 littera
590 2167 785 2231 dominicalis
806 2170 838 2229 in
857 2169 999 2247 proxime
1020 2177 1106 2232 ante-

173 2265 349 2341 cedentem,
366 2268 398 2325 et
415 2280 496 2324 unus
510 2262 658 2342 idemque
677 2279 778 2322 annus
793 2262 941 2325 absorbet
959 2263 1038 2324 duas
1058 2265 1105 2324 lit·

172 2363 256 2420 teras
271 2359 475 2421 dominicales
491 2374 657 2437 unampro
673 2357 785 2437 prima,
803 2358 1105 2437 alteramproaltcra

172 2458 261 2534 parte
275 2462 428 2537 tanquam
442 2455 467 2516 si
483 2454 606 2516 duobus
621 2455 711 2515 annis
725 2454 927 2535 aequivaleret
945 2455 977 2516 in
992 2455 1103 2516 ordine

172 2554 213 2614 ad
228 2553 481 2633 progressionem
494 2551 668 2613 litterarum
684 2551 927 2614 dominicalium.

211 2651 277 2710 Hoc
292 2651 412 2710 clarum
425 2649 479 2710 liet
494 2647 637 2727 sequenti
656 2647 809 2727 exemplo.
832 2648 950 2710 Littera
968 2650 1102 2711 domini-

170 2745 246 2806 calis
256 2746 331 2806 anni
341 2748 430 2822 1860,
442 2748 478 2806 ut
488 2744 635 2821 diximuS,
648 2745 706 2807 erit
715 2747 757 2820 A;
771 2763 846 2826 ergo
857 2749 985 2814 sentum¹
994 2747 1103 2808 kalen-

169 2846 227 2906 das
250 2846 356 2909 martii
379 2863 435 2907 seu
458 2848 497 2906 nl
521 2843 671 2906 februarii
695 2864 764 2926 quae
784 2847 927 2926 signatur
946 2847 1099 2924 litterar,

171 2943 309 3004 cedetin
324 2942 435 3004 feriam
449 2945 579 3004 sextam.
600 2943 636 3003 ln
657 2943 825 3022 hypothesi
844 2962 907 3022 qua
928 2960 1029 3002 annus
1050 2943 1101 3002 hic

170 3044 252 3102 esset
265 3039 440 3101 communis
456 3038 522 3100 dies
535 3041 574 3100 25
589 3038 738 3100 februarii
753 3038 869 3098 cadens
878 3039 911 3098 in
921 3037 1098 3113 sabbatum,

166 3136 348 3215 signaretur
360 3136 466 3198 littera
480 3139 515 3212 G,
532 3140 564 3197 ct
577 3137 728 3198 redeunte
743 3134 900 3196 dominica
918 3133 1036 3195 rediret
1048 3133 1100 3194 lit-

166 3237 235 3294 tera
249 3235 287 3296 Α.
306 3235 369 3296 Sed
383 3233 431 3295 bis
449 3234 583 3313 repetita
601 3229 706 3292 littera
726 3233 761 3308 F,
778 3230 860 3292 siout
877 3231 925 3292 his
946 3230 1099 3309 repetitur

166 3334 289 3392 sextum
308 3330 459 3392 kalendas
481 3328 598 3406 martii,
620 3328 696 3407 quin
715 3329 876 3407 repetatur
897 3326 975 3388 feria
997 3330 1095 3404 sexta,

165 3425 281 3489 accidit
294 3429 330 3488 ut
341 3425 520 3506 incipiendo
536 3443 556 3485 a
569 3424 619 3484 die
634 3427 671 3484 25
687 3421 837 3485 fabruarii
851 3424 886 3500 F,
908 3441 970 3484 non
993 3422 1098 3504 desig-

164 3525 219 3584 net
232 3522 367 3602 amplius
377 3521 489 3583 feriam
501 3537 533 3584 vr
542 3519 788 3583 sedimmadiate
798 3522 993 3600 sequentem,
1010 3518 1096 3580 vida-
