2504 4024
355 261 394 308 on
410 262 543 324 ⁸consero
563 263 645 310 rums
667 263 820 312 carrorum.
975 241 1049 318 Ι109

27 403 29 420 ⁵
124 403 237 464 altiora
249 421 311 464 non
325 404 511 464 ascenderet
524 405 576 484 qui
591 405 623 464 in
642 405 840 469 inferioribus
861 425 923 469 non
942 409 1052 472 fuisset

124 499 284 577 probatus,
301 500 370 560 aliis
385 499 534 560 abusibus
548 502 601 562 via
614 503 766 578 praecludi
784 503 923 580 deberet,
940 501 1058 568 videli-'
1118 533 1122 544 ·

124 599 173 656 cet
187 614 295 656 eorum
306 596 360 675 qui
373 595 465 656 citius
480 615 576 676 quam
589 615 648 676 par
662 601 753 674 esset,
767 602 799 659 et
808 599 976 679 aliquando
987 621 1050 664 non

125 692 255 755 servetis
270 693 401 772 singulis
419 692 566 754 ordinum
586 693 748 772 gradibus,
770 694 886 757 vellent
902 694 942 756 ad
964 716 1051 776 pres-

123 789 304 866 byteratum
319 788 488 861 escendere
510 809 517 850 :
542 789 674 868 proinde
696 793 813 853 statuta
833 796 905 852 sunt
924 791 1054 853 intersti-

126 883 163 943 tia
181 904 188 944 :
207 887 237 946 et
250 884 405 946 ordinatio
421 884 504 946 fecta
522 884 709 948 intermedio
734 885 848 948 omisso
872 887 981 949 ordine
1005 889 1053 948 in-

124 975 256 1036 terdicte
279 977 329 1035 ast
350 975 476 1035 omnino
507 993 514 1034 :
547 974 615 1034 haec
639 973 724 1034 diota
747 976 794 1035 ast
818 974 972 1035 ordinatio
1000 993 1054 1054 per

125 1071 238 1131 saltam.
256 1073 302 1130 De
315 1071 385 1149 lege
399 1069 638 1130 interstitiorum
651 1069 737 1130 rrid.
754 1087 830 1132 sess.
848 1071 959 1138 XXIII.
977 1089 1003 1130 c.
1020 1086 1053 1131 xl

126 1170 156 1228 et
181 1183 259 1228 xv11.
286 1168 330 1227 De
354 1165 550 1226 ordinatione
571 1184 629 1244 per
651 1166 766 1226 saltum
786 1165 837 1226 vel
860 1155 1052 1246 prepostero

126 1278 217 1322 cursu
232 1260 299 1338 agit
314 1259 491 1342 Alexander
505 1260 542 1320 11.
559 1277 629 1320 can.
646 1262 688 1321 1⁰.
705 1259 777 1321 dist.
795 1263 845 1320 52.

163 1357 208 1416 De
220 1356 292 1433 iege
315 1353 554 1414 interstitiorum
572 1354 689 1415 adnata
707 1371 775 1414 esse
794 1352 940 1432 quaedem
957 1353 1054 1415 inter-

126 1450 206 1510 valia
218 1449 370 1527 temporis
385 1467 455 1528 quae
471 1448 510 1510 de
525 1467 587 1510 unc
607 1449 639 1509 in
659 1449 756 1509 alium
774 1449 916 1510 ordinem
939 1448 1057 1511 debent

126 1545 321 1607 intercedere
336 1546 504 1622 servanda,
527 1564 589 1606 non
609 1550 730 1607 tantum
748 1545 778 1606 in
798 1545 982 1626 majoribus,
998 1544 1054 1607 sed

27 1671 28 1694 ι
127 1642 200 1700 etin
215 1639 389 1702 minoribus
404 1640 581 1716 ordinibus;
597 1641 653 1701 sed
667 1659 724 1720 pro
738 1641 910 1704 minoribus
924 1643 1055 1702 remissa

27 1767 28 1780 2
126 1744 196 1801 sunt
209 1740 386 1819 prudentiae
402 1740 550 1819 episcopi·

164 1838 207 1897 De
220 1836 292 1916 lege
308 1853 378 1914 quae
397 1839 482 1905 vetat
503 1835 732 1897 ordinationem
751 1853 809 1914 per
828 1837 955 1912 saltum,
979 1840 1054 1897 nota

27 1969 28 2002 3
128 1931 197 1991 oiim
216 1931 340 2013 aliquos
354 1931 512 1992 interdum
526 1931 663 1995 minores
678 1931 803 1991 ordines
817 1931 944 2009 impune
960 1931 1056 1990 omis-

27 2035 28 2048 ³
128 2043 175 2087 sos
189 2027 287 2089 fuisse
304 2047 311 2088 ε
329 2027 422 2087 hodie
437 2026 553 2088 debent
563 2043 671 2086 omnes
681 2025 809 2087 servari.
821 2027 988 2087 Promotus
997 2043 1055 2104 per

128 2121 250 2198 saltum,
267 2122 294 2182 si
308 2121 420 2181 fraude
435 2128 551 2197 careat,
566 2121 688 2182 tamdiu
697 2119 899 2196 suspenditur
913 2119 953 2179 ab
969 2138 1056 2179 exer-

129 2216 195 2278 citio
212 2218 332 2278 ordinis
346 2217 494 2294 suscepti,
511 2215 661 2296 quamdiu
672 2214 938 2292 habeturtempus
950 2232 1055 2274 neces·

128 2313 244 2373 sarium
258 2311 300 2372 ad
318 2312 462 2374 ordinem
481 2315 576 2390 que'm
597 2311 700 2372 omisit
720 2307 955 2389 recipiendum
978 2314 1010 2367 et
1030 2309 1055 2366 si

129 2425 187 2468 non
210 2407 447 2484 miuistraverit,
472 2407 587 2486 poterit
610 2425 682 2468 eum
704 2424 740 2467 eo
763 2405 946 2490 episcopus,v
960 2409 995 2464 ut
1013 2403 1057 2464 art

129 2503 210 2565 Trid.
227 2521 306 2566 sess.
317 2504 426 2564 XXIII.
437 2520 464 2564 c.
476 2517 544 2578 xm,
554 2501 849 2580 ,exlegitimacausa
859 2501 1052 2579 dispensare.

364 2629 411 2676 111.
423 2629 455 2674 Da
466 2631 577 2674 serrendir
588 2629 610 2674 in
622 2634 672 2674 cetu
685 2629 813 2674 collationis.

165 2715 232 2776 XII.
250 2714 362 2786 Quoad
375 2715 484 2792 ritum·
495 2715 708 2794 unusquisque
724 2715 830 2777 novit:
848 2715 887 2776 de
902 2714 1056 2793 episcopis

130 2808 271 2889 videatur
293 2809 486 2872 Pontificale.
504 2811 614 2882 Quoad
633 2814 755 2889 tempos,
778 2811 914 2890 majores
929 2811 1056 2872 ordines

130 2902 284 2963 ordinario
299 2907 332 2964 et
345 2903 510 2970 communi,
514 2903 586 2983 jure
606 2920 669 2963 non
688 2903 892 2965 conferuntur
911 2903 970 2961 nisi
991 2902 1058 2961 die-

129 2994 184 3058 bus
199 2997 426 3075 determinatis,
443 3015 555 3078 nempe
570 2996 710 3074 sabbatis
720 2997 855 3078 quatuor
864 3001 1054 3073 temporum,

130 3093 258 3154 sabbato
272 3098 393 3172 sancto,
405 3097 436 3156 et
450 3094 580 3155 sabbato
595 3097 667 3155 ante
678 3094 873 3154 Dominicam
886 3091 1054 3151 Passionis.

130 3187 350 3251 Animadverte
365 3189 418 3269 qui
433 3194 521 3264 extra
534 3193 677 3268 tempora
690 3189 816 3250 ordines
830 3186 960 3264 suscipit
973 3203 1056 3263 prae-

27 3321 28 3324 =
130 3285 226 3364 finita,
243 3287 369 3348 ordines
384 3290 544 3365 susceptos
558 3303 715 3363 exercere,
732 3292 764 3346 et
778 3285 943 3362 episcopus
958 3285 1011 3363 qui
1026 3284 1059 3344 in

131 3378 213 3444 illam
240 3383 343 3463 legem
370 3385 527 3462 peccavit,
557 3382 682 3458 ordines
706 3379 847 3442 conferre
870 3381 1060 3460 prohibetur

133 3475 170 3553 (c.
186 3467 221 3538 rr.
239 3478 278 3538 de
292 3484 426 3558 tempor.
444 3475 604 3554 ordinat).

238 3590 302 3628 rou.
324 3590 354 3628 11.
941 3575 956 3621 7
