2548 4020
397 305 435 352 ou
457 305 585 353 osanam
605 307 687 352 roms
709 307 863 354 curamur.
1035 299 1090 358 {97

160 453 299 516 motione
327 450 528 529 matrimonii,
558 453 597 514 oh
622 471 717 533 quam
745 454 896 534 conjuges
923 458 1002 525 flant
1029 475 1092 520 una

159 567 254 626 caro,
279 549 316 610 fit
336 554 371 609 ut
392 548 460 610 baea
481 552 585 610 autem
604 568 668 610 una
688 568 761 612 caro
782 551 881 630 possit
900 553 1091 616 considerari

159 645 257 706 etiam
275 645 309 705 in
327 643 439 724 copula
460 643 567 706 illicita
590 645 677 724 (nam
699 647 753 726 qui
773 645 915 708 adhaeret
935 651 1091 712 meretrici

160 761 261 804 unum
277 761 390 821 corpus
411 761 484 804 oum
504 743 558 804 illa
579 743 744 822 efficitur);
768 745 794 804 si
809 763 871 806 non
885 744 965 824 pari,
983 747 1092 809 saltem

158 836 253 899 simili
281 837 387 914 modo,
424 837 527 899 visum
555 840 602 900 est
636 842 878 918 cognoscentem
905 841 1091 902 contrahere

158 933 331 1016 quamdam
341 933 607 1013 propinquitatem
616 952 688 996 cum
698 935 938 1016 consanguineis
951 936 1092 997 mulieris

159 1031 307 1112 cognitae,
325 1036 357 1092 et
370 1030 438 1092 vioe
452 1049 555 1092 versa.

199 1129 349 1202 Quamvis
363 1147 438 1208 ergo
453 1147 491 1190 ex
504 1129 564 1192 boa
579 1129 758 1206 concubitu,
770 1147 828 1190 nee
838 1129 944 1191 uxone
955 1147 1014 1193 neo
1024 1148 1094 1192 me·

158 1223 210 1287 riti
222 1242 349 1301 nomen,
359 1243 417 1285 nac
428 1226 541 1302 soceri,
553 1244 611 1287 nec
623 1244 732 1302 nurus,
744 1224 926 1304 neegeueri,
935 1224 1092 1301 neosocm',

159 1341 219 1384 nec
240 1321 361 1400 leviris,
387 1341 445 1384 nec
466 1323 562 1403 glanis
592 1341 629 1384 ac
654 1327 901 1401 consequentur,
927 1339 986 1382 nec
1013 1320 1095 1382 adut
1199 1377 1202 1382 .

157 1437 251 1480 amor
263 1417 437 1498 conjugalis
452 1438 510 1480 nec
526 1417 719 1498 conjugium,
741 1420 847 1478 tamen
867 1415 1027 1477 honestati
1045 1434 1095 1478 re-

157 1533 304 1596 pugnare
331 1515 465 1593 videtur,
494 1521 530 1577 ut
557 1514 610 1595 qui
634 1533 690 1593 per
717 1513 837 1594 copulae
867 1511 1094 1596 perfectionem

158 1628 260 1672 unum
281 1609 381 1672 faetus
404 1611 445 1671 sit
467 1628 538 1671 cum
561 1609 637 1683 ntia,
662 1607 736 1669 inde
759 1606 996 1669 matrimonium
1019 1625 1095 1670 oon·

157 1706 266 1768 trahat
280 1723 352 1766 oum
367 1708 477 1782 matre,
494 1706 539 1767 ita
553 1709 662 1783 aperto
678 1704 764 1766 aditu
780 1703 979 1765 confidentiae
1002 1705 1095 1766 mari·

127 1845 132 1860 .
157 1802 232 1864 talis
253 1801 335 1863 inter
356 1820 409 1863 eos
427 1801 509 1862 inter
532 1819 630 1883 quos,
663 1800 764 1880 posito
788 1801 872 1862 facto
901 1800 1096 1863 verecundia

158 1898 309 1982 quaedam
322 1898 472 1960 naturalis
484 1898 529 1959 illi
544 1898 674 1961 deberet
688 1898 810 1959 obesse.
827 1900 868 1959 At
883 1899 969 1958 certo
983 1897 1094 1960 isthaec

158 1994 388 2074 propinquitas,
405 2012 443 2055 ex
456 1993 713 2072 interpretatione
727 1993 831 2073 potius
842 1991 923 2072 juris
944 2011 1039 2072 quam
1054 2014 1094 2055 ex

159 2105 194 2148 se
209 2088 291 2161 orta,
306 2102 369 2146 non
384 2087 508 2163 poterat
521 2082 747 2164 propinquitati
762 2100 846 2144 verae
857 2082 1018 2146 affinitatis
1029 2101 1096 2146 om-

159 2181 236 2244 nino
251 2181 452 2260 aequiparari.

202 2266 292 2340 Unde
317 2276 452 2338 affinitas
476 2276 538 2338 dici
553 2277 657 2355 potest
676 2272 884 2355 propinquitas
905 2291 1096 2353 arsenarum

160 2394 199 2436 eac
210 2372 341 2453 perfecta
363 2373 466 2455 copula
487 2371 654 2452 procedens,
676 2390 799 2453 quaeque
819 2368 1004 2430 contrabitur
1018 2369 1096 2430 inter

159 2464 374 2547 coqaoscea'tem
408 2474 436 2527 et
468 2467 592 2547 capaitoe
625 2465 859 2546 coasaaqaa‘aeoa,
895 2473 924 2525 et
957 2463 1093 2526 verissim.

160 2565 272 2643 orgo:
421 2630 424 2637 ,

205 2661 235 2720 1⁰
250 2659 306 2721 Vir
320 2663 351 2719 et
365 2657 496 2720 foemina
508 2675 581 2718 non·
594 2659 667 2719 sunt
688 2657 808 2735 affines,
831 2657 888 2719 sed
908 2658 1097 2737 principium

162 2760 195 2815 et
210 2754 300 2834 quasi
314 2753 409 2832 stipes
429 2771 448 2814 a
467 2772 529 2833 quo
553 2754 713 2815 affinitatis
736 2753 855 2834 gradrm
878 2760 1093 2817 numerantur.

204 2853 237 2910 2⁰
252 2850 452 2911 contrahitur
465 2849 505 2910 ah
521 2867 583 2910 uno
603 2867 676 2910 oum
694 2851 822 2912 alterius
841 2850 1093 2930 consanguineis.

205 2946 237 3006 3⁰
252 2945 318 3018 Quo
333 2945 435 3024 gradu
450 2950 522 3006 sunt
536 2945 663 3008 atterius
674 2946 909 3026 consanguinei,
926 2947 1000 3006 sunt
1021 2945 1097 3005 alte·

163 3040 390 3103 riusaffines.·

205 3135 459 3198 4⁰1nteraffines
481 3136 640 3199 staffines
661 3136 742 3199 inter
764 3152 843 3215 quos
864 3135 950 3196 nulla
971 3135 1094 3213 copula,

165 3231 252 3294 nulla
266 3232 412 3295 affinitas.

21 3357 24 3400 ,
90 3386 93 3392 ,
205 3333 238 3390 5⁰
257 3329 318 3392 Ubi
338 3329 451 3409 copula
471 3332 502 3391 et
522 3328 651 3408 quidem
671 3327 810 3407 perfecta
832 3345 896 3388 non
916 3328 1095 3406 intercedit,

166 3443 224 3486 neo
239 3425 385 3487 affinitas.

206 3521 288 3582 Olim
313 3520 448 3584 multum
460 3519 708 3620 protendebatur
727 3519 898 3601 prohibitio
914 3521 1096 3601 nuptiarum
