2530 4016
176 311 233 370 320
281 358 284 364 .
380 321 887 369 1rtsr1ror10nnssun1scnnonio1.

174 468 294 542 verant,
317 463 362 527 ita
384 463 557 544 majoribus
580 463 759 529 christiana
777 457 938 530 charitatis
956 469 1105 532 associati

174 564 374 624 remanerent
383 559 508 622 mortui.
520 558 572 621 Sic
583 560 715 622 ecclesia
728 560 1104 640 materialis,'cymholum

173 654 324 724 Ecclesia
355 655 542 736 spiritualis,
577 655 758 718 universam
790 656 982 736 Ecclesiam,
1009 675 1104 736 quam

174 755 296 818 Christo
312 753 468 833 peperiret
482 752 547 842 sive
562 769 601 814 ea
613 752 772 830 militaret,
788 753 854 814 eive
864 759 1025 833 purgaret,
1038 753 1102 816 sive

173 851 382 929 triumpharet
384 894 446 912 .....
463 851 715 928 repraesentaret.

106 943 109 956 '
213 946 276 1008 Sed
299 947 401 1008 tractu
428 945 590 1024 temporis,
616 944 656 1007 ob
679 959 836 1005 summam
863 943 1103 1009 venerationem

173 1061 235 1123 qua
249 1041 348 1126 sortiti
363 1043 436 1102 aunt
444 1039 477 1102 in
487 1039 807 1118 llcolesieregulares,
818 1043 982 1120 coeperunt
990 1041 1103 1104 fideles

172 1137 363 1217 regularium
383 1134 538 1198 Ecclesiae
562 1135 711 1197 adamare
738 1153 804 1214 prae
827 1136 973 1198 Ecclesiis
994 1138 1103 1200 oethe-

172 1233 312 1296 dralibus
335 1235 367 1296 et
386 1231 630 1312 parochialibus,
654 1235 685 1294 et
706 1232 798 1293 simul
816 1249 874 1311 pro
888 1232 1055 1295 devotione
1070 1238 1103 1297 et

173 1327 349 1409 frequentia
363 1345 458 1408 quam
472 1326 535 1390 vivi
550 1325 729 1390 habuerunt
746 1331 823 1407 erga
840 1327 987 1389 ecclesias
1006 1345 1102 1408 regu-

171 1428 264 1504 lares,
289 1443 346 1506 pro
370 1424 584 1500 veneratione,
608 1424 813 1487 aestimatione
828 1443 923 1505 quam
941 1423 1104 1488 habehant

171 1521 244 1583 rita
259 1519 452 1600 regularium
468 1517 577 1599 optare
599 1521 679 1583 utin
692 1520 977 1582 illorumllocleeiis
995 1524 1103 1583 tumu-

169 1618 321 1693 larentur,
347 1616 406 1678 rati
427 1616 472 1678 ita
499 1616 600 1695 magis
620 1616 745 1678 illorum
769 1615 962 1678 orationihus
986 1616 1102 1697 quibus

169 1708 1101 1790 tantoperefidebant,commendariposse.Undapromana·

170 1808 244 1868 runt
256 1804 349 1885 plura
365 1804 489 1866 indulta
496 1805 699 1886 etprivilegia
705 1804 868 1886 pontificia
876 1824 947 1886 quae
961 1806 1102 1887 primum

170 1900 391 1977 Dominicanie,
417 1898 531 1961 deinde
554 1901 820 1963 Franciscauis....
842 1901 971 1964 tandem
994 1903 1101 1966 Eccle-

170 1997 223 2060 siis
238 1995 372 2059 aliorum
386 1995 590 2075 regularium,
606 1996 899 2060 confraternitatum
909 2000 940 2059 et
954 1999 1101 2060 omnibus

169 2091 1102 2171 Ecclesiistumulandijuraconcesserunt,servatistantnm

169 2187 327 2253 nonnullis
342 2185 446 2267 quoad
463 2186 641 2266 portionem
658 2187 873 2265 pecuniariam
885 2190 1101 2252 Parochorum

169 2285 208 2347 de
232 2301 295 2364 qua
318 2284 415 2361 sup'ra
437 2287 542 2344 ectum
566 2284 623 2360 est,
648 2285 679 2345 et
692 2284 855 2350 nonnullis
874 2285 978 2365 quoad
999 2285 1101 2364 quali-

168 2384 265 2442 tatem
287 2380 359 2456 loci,
376 2367 429 2440 ubi
454 2378 622 2458 sepulturae
646 2377 787 2446 fidelium
809 2379 936 2456 dantur,
952 2379 1101 2444 videlicet

169 2475 253 2556 quod
268 2476 308 2538 sit
325 2474 419 2537 locus‘
432 2491 532 2552 sacer,
556 2474 643 2537 locus
663 2474 697 2536 in
718 2492 792 2554 qno,
817 2474 875 2538 etsi
888 2475 1001 2551 rarius,
1019 2476 1100 2538 cele-

167 2571 300 2633 brantur
311 2573 418 2632 tamen
431 2569 540 2656 ¹divina
553 2570 713 2650 mysteria.

207 2668 267 2726 Pro
292 2665 352 2727 heo
374 2667 500 2743 optione
531 2666 670 2730 habendi
690 2666 867 2745 sepulturas
893 2667 927 2728 in
951 2666 1100 2730 Ecclesiis
1170 2671 1181 2694 ⁹

167 2779 247 2844 quas
262 2759 331 2841 quis
340 2761 550 2840 praeelegerit,
562 2765 728 2842 coeperunt
742 2761 883 2824 nonnulli
898 2780 961 2824 non
975 2767 1101 2825 tantum

166 2858 244 2936 sibi,
271 2856 326 2920 sad
350 2859 382 2920 et
404 2856 468 2918 suis
489 2860 521 2919 et
539 2857 719 2920 haeredibus
742 2858 893 2937 speciales
921 2858 1100 2937 sepulturas

165 2958 199 3018 in
212 2957 281 3019 loco
297 2972 392 3037 quem
406 2956 577 3033 optassent,
594 2959 750 3030 extruere,
768 2953 896 3034 eligere,
917 2953 1095 3033 acquirere.

140 3098 145 3111 .
167 3051 256 3114 Unde
278 3053 354 3114 ortae
377 3054 451 3113 sunt
469 3050 636 3130 sepultura
664 3049 850 3128 familiares,
867 3049 1095 3127 Haereditariae,

166 3145 294 3208 Mixtae:
312 3143 498 3220 Familiares,
515 3163 593 3225 quas
612 3143 724 3224 aliquis
737 3144 798 3208 sibi
814 3147 845 3206 et
862 3144 988 3206 familiae
1008 3161 1098 3205 cons-

164 3237 263 3314 tituit;
287 3238 495 3300 Horedc'torr'oe
518 3257 596 3320 quas
620 3239 752 3320 quisque
773 3239 833 3300 sihi
853 3242 885 3303 et
900 3239 1095 3314 haeredibus;

166 3331 281 3411 Mr'utoe,
298 3353 376 3414 quas
399 3336 588 3415 haeredibus,
606 3339 660 3420 qui
681 3339 743 3402 sint
764 3340 803 3402 de
821 3339 1098 3403 familia'Neonon

164 3441 221 3504 pro
236 3426 396 3491 voluntate
410 3429 613 3493 fundatorum
632 3437 663 3496 et
676 3452 733 3512 pro
755 3435 853 3500 titulis
875 3435 1099 3500 fundationum

165 3519 251 3583 vario
265 3518 332 3582 haec
343 3522 417 3600 jura
430 3525 610 3589 modificata
625 3533 706 3592 sunt.
724 3531 801 3594 lude
816 3535 895 3596 ortua
909 3533 982 3594 sunt
992 3530 1098 3610 sepul-
