2476 4022
154 267 193 326 54
362 282 590 331 rnsnrurronas
610 285 693 332 runis
716 287 870 334 cruorum.

155 444 233 505 copo
257 426 306 488 vel
330 443 401 488 cum
425 443 462 488 eo
486 427 593 489 Missas
615 429 775 490 celebrare
796 430 903 494 solitos
926 451 1007 508 osse,
1033 435 1083 496 val

154 523 288 602 denique
304 540 365 583 non
381 522 554 584 celebrasse
576 524 631 584 sed
651 525 691 585 de
710 524 777 606 ejus
797 526 940 592 manibus
958 531 1085 592 Eucha-

153 618 273 682 ristiam
286 617 482 699 accipiebant
497 620 625 700 (Baned.
643 622 723 697 xlv,
740 621 793 682 lib.
811 623 849 697 ll,
867 624 918 699 Ill,
936 625 1015 704 vll).

192 716 311 777 Deinde
326 733 400 776 vero
415 715 489 778 licet
502 717 641 796 generali
655 717 834 796 disciplina,
853 736 915 796 qua
929 722 1085 798 permitti-

151 815 204 874 tur
217 813 314 874 cuivis
329 812 483 875 sacerdoti
498 813 625 873 Missam
643 812 802 873 celebrare
821 813 847 872 si
868 814 944 875 nihil
964 816 1082 896 obstet,

12 889 13 900 ἵ
115 909 123 925 '
152 909 280 971 arbitrio
297 909 515 987 episcoporum
529 909 634 988 aliquo
649 909 743 969 modo
763 908 948 988 derogatum
967 913 1017 988 sit,
1038 915 1085 975 ita

152 1011 269 1067 utnon
290 1005 388 1083 possit
409 1021 489 1064 unus
510 1003 560 1064 vel
581 1004 660 1065 alter
684 1005 847 1083 episcopus
868 1022 900 1065 se
922 1023 1083 1085 opponere

150 1099 291 1178 generali
305 1097 487 1176 disciplina,
504 1098 609 1157 tamen
625 1101 746 1159 certum
765 1101 812 1158 est
828 1098 912 1178 quod
928 1098 981 1186 jus
996 1119 1083 1178 pres-

149 1192 291 1272 byterale
312 1192 541 1264 Eucharistiam
561 1192 712 1255 offerendi
732 1191 963 1254 moderandum
983 1197 1084 1271 sit,·et

151 1291 245 1352 etiam
258 1291 291 1351 in
306 1290 366 1351 hoo
381 1289 552 1350 ministerio
568 1290 721 1367 episcopis
735 1288 911 1367 presbyteri
931 1291 992 1352 sint-
1006 1292 1083 1353 sub-

152 1385 233 1449 'acti

146 1407 158 1468 J
190 1482 278 1555 Quod
293 1483 428 1561 pertinet
442 1480 483 1541 ad
497 1481 599 1558 ritem,
616 1479 803 1557 essentialia,
814 1486 849 1541 ιιι
863 1482 1082 1546 demonstrant

148 1579 298 1656 theologi,
321 1578 495 1638 consistunt
514 1577 547 1637 in
569 1576 673 1638 debita
695 1576 826 1636 materia
850 1582 881 1637 et
903 1577 1015 1639 forma.
1038 1582 1081 1641 At

147 1675 253 1755 plures
267 1674 408 1734 Ecclesia
421 1673 498 1732 ritus
514 1671 666 1752 adjunxit,
683 1671 787 1748 plures
802 1689 921 1750 preces,
934 1677 969 1734 ut
983 1677 1080 1736 moris

147 1770 196 1831 sui
210 1768 267 1829 fuit
280 1769 313 1828 in
328 1766 596 1828 administratione
610 1768 890 1842 sacramentorum,
907 1767 972 1827 sive
990 1773 1026 1828 ut
1043 1769 1079 1828 fi-

148 1866 220 1928 dem
235 1881 324 1924 suam
339 1862 562 1938 manifestaret,
580 1863 644 1922 sive
660 1864 694 1921 ut
709 1861 889 1938 disponeret
903 1862 942 1922 ad
958 1869 1079 1924 rectam

147 1979 257 2022 eorum
277 1959 530 2035 celebrationem,
550 1959 615 2018 sire
636 1957 675 2018 ad
699 1957 845 2018 decorem
865 1957 972 2036 ipsius.
994 1959 1077 2021 Ordo

145 2075 277 2137 precum
287 2056 587 2118 etcaeremoniarum
597 2054 737 2114 omnium
751 2053 780 2112 io
799 2053 893 2114 Missa
904 2054 1078 2116 servandus

142 2152 332 2234 Jamdudum
353 2171 373 2213 a
392 2147 501 2230 primis
521 2150 641 2212 saeculis
660 2150 762 2210 dictus
777 2152 823 2211 est
837 2149 974 2227 liturgia,
992 2151 1078 2230 quod

144 2253 234 2311 sonet
247 2250 409 2328 publicum
423 2248 640 2310 ministerium.
659 2247 762 2317 Quum
777 2262 851 2324 ergo
866 2249 1077 2308 sacramento·

143 2363 214 2406 rum
229 2345 396 2407 celebratio
413 2345 526 2406 debeat
536 2342 576 2404 ab
587 2341 799 2402 ecclesiastica
809 2342 994 2402 auctoritato
1009 2361 1078 2405 mo-

144 2440 258 2516 derari,
280 2439 370 2520 juxta
394 2439 550 2518 approbat
551 2456 586 2498 os
607 2436 754 2498 Ecclesiae
780 2435 857 2496 ritus
881 2437 946 2497 sivo
970 2437 1076 2517 quoad

142 2544 244 2597 vestes
259 2537 324 2594 sive
340 2534 445 2614 quoad
458 2552 568 2613 preces
583 2535 649 2595 sive
668 2532 773 2614 quoad
792 2535 996 2660 caeremonias
1011 2553 1075 2598 om-

143 2647 199 2690 nes
215 2630 308 2690 debet
322 2629 486 2690 celebrari

183 2723 245 2785 Sed
260 2743 359 2804 quum
374 2742 435 2784 una
450 2742 513 2784 non
527 2724 566 2784 sit
579 2726 731 2803 recepta
723 2743 755 2784 ιιι
770 2725 917 2788 Ecclesia
932 2727 1072 2808 liturgia,

143 2817 240 2896 quaeri
262 2817 313 2877 liic
333 2816 471 2896 perbelle
492 2821 597 2896 posset
619 2836 714 2897 quam
735 2809 895 2898 liturgiam
914 2822 946 2880 in
969 2825 1074 2900 specio

142 2912 287 2974 sacerdos
307 2914 340 2973 in
361 2913 550 2974 celebranda
568 2915 669 2975 Missae
689 2915 778 2993 sequi
794 2914 917 2978 debeat.
937 2917 1073 2988 Quaestio

141 3006 209 3069 haec
228 3011 394 3071 resolvitur
413 3010 445 3069 in
467 3010 572 3086 aliam,
598 3011 745 3071 videlicet
766 3011 855 3091 cujus
878 3015 1073 3076 auctoritatis

141 3104 181 3163 sit
198 3104 340 3185 liturgias
361 3106 548 3185 approbare.
567 3109 640 3168 Haec
662 3111 768 3168 autem
789 3111 920 3187 quaestio
942 3111 1073 3172 solvitur

141 3195 327 3272 applicando
348 3199 487 3260 theorias
499 3201 663 3280 generales
678 3219 757 3281 quas
771 3201 915 3284 dedimus
931 3204 970 3264 de
991 3222 1079 3296 aco--

139 3387 216 3465 lare,
232 3390 425 3470 proindeque
437 3396 518 3456 esset
532 3393 690 3474 objectum
700 3397 798 3473 partis
813 3399 958 3476 specialis
972 3399 1070 3460 scien-

140 3483 190 3546 tiae
206 3489 332 3561 nostrae,
348 3503 410 3546 non
425 3491 529 3550 autem
543 3491 708 3570 generalis.
732 3491 806 3571 (Sed
825 3510 923 3572 quum
943 3495 1070 3557 videam
