2548 4020
160 277 219 336 252
367 284 701 332 1nsr1rorronasrun1s
724 283 881 332 canorum.

161 429 360 507 intelligimus
374 427 526 508 quidquid.
540 428 664 488 illorum
685 445 774 490 saera
789 411 920 506 corpora
941 429 1089 510 tetigerit,

160 526 208 586 vel
223 524 374 605 quidquid
386 525 447 587 tale
462 529 508 585 cst
523 523 607 603 quod
631 525 754 586 illorum
773 515 1093 588 memoriam'valeret

160 638 320 683 revocare.

200 716 343 779 Secunda
359 722 390 778 et
404 718 494 779 tertia
508 715 665 797 categoria
675 715 809 779 admittit
816 716 965 796 reliquias
976 715 1089 779 Christi

160 816 192 876 et
206 815 309 876 Beatae
324 814 431 875 Mariae
445 813 598 892 Virginis;
621 830 686 873 non
705 812 749 872 sic
766 813 878 891 prima,
904 813 978 892 quia
1000 813 1091 891 valdo

160 910 256 972 dubia
269 911 352 989 apud
366 910 530 990 theologos
555 916 602 970 cst
625 909 844 971 authenticitas
870 911 1091 972 nonnullarum

160 1006 363 1084 reliquiarum
390 1022 461 1084 quae
486 1012 607 1084 partem
635 1006 772 1084 aliquam
802 992 940 1086 corporis
967 1007 1092 1068 Domini

159 1101 259 1162 Nostri
274 1100 475 1162 lesu-Christi
491 1101 637 1162 videntur
645 1100 790 1180 prodere,
803 1101 892 1163 sicuti
905 1105 1092 1182 preputium

159 1196 413 1272 circumcisionis,
425 1202 480 1258 aut
489 1196 655 1257 nonnullas
667 1196 827 1276 sanguinis
835 1201 949 1277 guttas.
962 1197 1092 1258 Mariam

159 1292 319 1372 Virginem
337 1293 388 1371 pie
402 1293 557 1354 credimus
581 1292 613 1352 in
636 1292 751 1354 coelum
775 1310 846 1354 cum
870 1309 999 1372 corpore
1023 1294 1093 1371 post
1254 1337 1263 1366 ,

160 1389 326 1452 transitum
341 1396 544 1469 assumptam.

200 1485 308 1546 Cultus
328 1503 421 1564 quem
446 1485 584 1563 reliqniis
608 1488 712 1548 servat
735 1484 873 1547 Ecclesia
896 1502 969 1558 cum
989 1485 1092 1547 cultus

159 1581 345 1643 terminatur
357 1583 390 1642 in
403 1599 582 1662 personam,
599 1599 662 1642 non
684 1582 716 1643 in
741 1599 810 1643 rem
832 1583 950 1661 ipsam,
977 1599 1016 1644 ne
1037 1582 1092 1643 fiat

157 1673 310 1751 idolatria,
326 1679 375 1736 est
389 1692 513 1753 semper
526 1674 684 1749 relativus,
702 1691 767 1734 non
782 1673 956 1734 absolutus.

198 1769 306 1831 Cultus
328 1775 435 1840 autem
459 1769 509 1830 hic
531 1769 685 1843 relativus,
702 1772 749 1832 est
776 1769 869 1849 primi
896 1757 1021 1831 ordinis
1036 1770 1090 1830 ubi
1158 1781 1166 1794 ·

159 1883 261 1928 sermo
277 1865 316 1926 sit
330 1866 369 1926 de
384 1865 522 1945 reliquiis
536 1883 606 1945 quae
621 1867 799 1928 referuntur
817 1865 858 1928 ad
874 1864 1043 1942 Christum,
1060 1871 1091 1925 et

158 1961 330 2042 praesertim
344 1960 383 2023 de
406 1961 492 2042 ligno
516 1962 637 2024 Sanctae
659 1961 780 2039 Crucis,
807 1960 892 2039 quod
905 1959 963 2022 luit
978 1961 1092 2024 instru-

158 2063 299 2118 mentum
312 2058 428 2118 nostrae
443 2057 678 2135 redemptionis.

198 2155 252 2214 Est
266 2151 394 2214 secundi
409 2152 526 2214 ordinis
541 2152 593 2212 uhi
608 2151 648 2212 de
663 2149 802 2231 reliquiis
820 2167 890 2230 quae
910 2147 1092 2212 'referuntur

104 2240 108 2246 ’
158 2248 198 2310 ad
212 2249 340 2310 Beatam
354 2247 515 2327 Virginem
528 2248 670 2310 Mariam.

197 2345 251 2406 Est
265 2344 346 2406 tertii
360 2343 477 2406 ordinis
492 2344 545 2405 ubi
560 2344 600 2405 ad
614 2345 739 2406 sanctos
753 2359 947 2406 communes.

198 2439 260 2502 Nec
273 2444 395 2513 tantum
410 2447 456 2502 est
470 2441 573 2521 specie
587 2440 730 2502 diversus
746 2457 802 2518 pro
814 2439 961 2501 varietate
972 2437 1089 2516 objecti

157 2533 318 2595 invisibilis
334 2535 383 2595 cui
399 2535 472 2596 dicit
486 2535 681 2612 relationem,
698 2534 754 2610 sed
768 2540 798 2595 et
813 2534 913 2612 major
923 2533 972 2594 vel
987 2532 1089 2594 minor

158 2629 189 2689 in
205 2629 316 2690 eadem
331 2631 435 2710 specie
449 2649 506 2709 pro
522 2631 694 2709 quantitate
708 2629 880 2692 relationis.

197 2725 295 2801 Major
317 2725 505 2805 impenditur
528 2727 666 2807 corpori,
698 2727 784 2805 quod
808 2725 913 2785 vivens
936 2724 1089 2804 templum

157 2821 215 2882 fuit
238 2820 369 2900 Spiritus
393 2818 510 2898 Sancti,
533 2824 711 2884 membrum
734 2819 848 2882 Christi
871 2825 902 2882 et
924 2839 942 2882 a
967 2822 1087 2883 Christo

158 2915 370 2977 suscitandum
384 2921 416 2978 et
430 2915 685 2995 glorificandum
706 2915 880 2996 praesortlm
903 2915 957 2975 uhi
978 2933 1089 2975 conso-

158 3015 258 3075 ciatur
275 3015 352 3076 ratio
377 3013 543 3094 singularis
566 3013 720 3092 passionis
744 3030 814 3091 quae
838 3012 920 3074 illins
941 3011 1088 3074 virtutem

157 3109 282 3188 speciali
305 3111 399 3171 modo
420 3113 623 3191 representat
638 3105 765 3171 et'iltius
780 3109 898 3171 cultum
912 3114 1086 3188 promovet.

195 3206 296 3268 Minor
310 3207 348 3267 iis
361 3207 456 3268 rebus
471 3224 541 3286 quas
557 3208 736 3268 contactum
749 3223 822 3268 cnm
836 3203 895 3266 illis
905 3205 1086 3285 corporibus

156 3299 343 3379 habuerunt,
354 3308 391 3382 et
405 3321 461 3381 pro
476 3309 620 3365 contactu
634 3302 814 3382 proximiori
830 3301 880 3363 vel
894 3302 1062 3364 remotiori.

195 3398 232 3456 X.
251 3387 366 3460 Sedulo
382 3400 421 3460 ab
436 3399 575 3461 Ecclesia
589 3400 648 3462 hac
662 3401 694 3459 in
708 3417 743 3460 ra
758 3405 887 3461 cavetur
903 3415 910 3459 ε

197 3493 226 3550 l⁰
241 3489 329 3562 Quod
343 3498 450 3557 sancto
466 3497 553 3574 cujus
567 3495 707 3576 reliqoiae
726 3494 882 3573 dicuntur,
907 3495 1023 3558 fuerint
1044 3495 1084 3556 ah
