2476 4022
188 254 227 312 lt
395 263 624 312 rusrrrurrouns
643 265 726 312 rums
749 265 903 312 canorum.

189 411 388 488 sacrificium,
411 411 511 492 quod,
534 410 615 472 sicut
637 414 705 474 arat
727 415 847 477 cruenti
870 414 952 478 illius
976 417 1061 498 quod
1084 418 1115 481 in

189 527 280 572 cruce
296 509 474 572 absolutum
488 516 535 573 est
549 509 843 590 representationeS,
856 515 900 576 ita
913 515 996 577 illius
1010 518 1115 580 vivam

189 607 373 669 memoriam
394 608 426 669 in
445 607 585 672 Ecclesia
607 610 818 687 perpetuaret.
843 611 1038 675 Sacrificium
1063 633 1116 675 au-

189 705 268 782 tem,
285 708 320 768 ut
343 705 439 783 scitis,
461 708 508 768 est
529 702 690 784 praecipua
711 724 786 787 pars
809 707 911 770 cultus
934 709 1063 788 publici,
1087 713 1118 772 et

190 801 336 862 solemnis
367 805 513 881 quedam
542 803 624 863 actio
648 821 712 884 qua
734 804 860 883 speciali
883 806 1026 887 ¹quodam
1055 807 1116 868 ritu

190 900 372 962 servitutem
386 903 525 962 nostram
538 900 603 960 Deo
619 900 811 978 profitemur.
858 923 860 928 ·
961 891 964 899 '
1168 895 1177 906 '

230 999 295 1057 Hoc
322 997 441 1076 posito,
468 1015 564 1077 quum
588 1015 626 1057 ea
648 996 743 1058 fuerit
768 997 975 1076 reparationis
1002 1006 1118 1086 uostrae

191 1089 377 1167 oeconomia,
390 1094 435 1166 ut,
449 1090 715 1169 quemadmodum
724 1109 781 1170 per
790 1091 947 1154 Christum
962 1093 1119 1174 redempti

190 1204 298 1248 sumus
316 1187 361 1248 ita
375 1190 406 1250 et
420 1205 476 1266 per
496 1187 653 1248 Christum
675 1187 862 1248 accedamus
877 1189 917 1249 ad
931 1191 1041 1265 Deum,
1059 1189 1119 1252 hoo

190 1285 375 1347 admirabile
390 1287 621 1348 sacramentum
636 1283 742 1363 inquo
757 1284 897 1347 Christus
911 1286 976 1366 ipse
991 1287 1120 1348 realiter

192 1384 370 1448 continetur
387 1389 420 1444 et
437 1383 599 1444 incruente
624 1381 755 1442 offertur
775 1385 807 1442 et
826 1380 1016 1460 immolatur,
1033 1385 1121 1445 velut

192 1469 335 1544 centrum
356 1482 457 1542 cultus
479 1477 596 1557 publici
609 1479 642 1538 iu
656 1476 807 1556 religione
829 1478 999 1561 curiatiana
1019 1481 1120 1542 cousi·

192 1579 336 1642 deratum
352 1580 407 1640 est.
424 1573 638 1638 Consideratio
660 1573 753 1654 hujus
772 1576 958 1638 sacramenti
979 1577 1038 1638 sub
1059 1577 1122 1640 hoc

192 1678 336 1754 respectu
358 1674 398 1735 ad
420 1670 673 1735 determinandas
696 1688 823 1733 normas
847 1672 959 1751 quibus
980 1672 1122 1734 Ecclesia

192 1772 310 1833 cultum
330 1769 492 1849 publicum
512 1767 695 1830 moderatur
714 1767 798 1828 circa
810 1765 900 1844 illud,
917 1786 975 1829 neo
996 1769 1123 1831 theolo-
1206 1847 1209 1854 Ι

192 1868 274 1948 gloc,
290 1885 349 1929 nec
362 1866 501 1942 moralis,
517 1864 573 1926 sed
589 1863 727 1927 scientiae
746 1866 861 1926 nostrae
882 1865 1045 1944 provincia
1059 1872 1118 1928 cst.

192 1967 231 2027 llt
246 1983 342 2046 quum
357 1963 408 2024 hic
423 1963 525 2024 cultus
545 1960 666 2022 ratione
688 1958 802 2040 objecti
822 1977 890 2021 rem
910 1968 1122 2023 sacramenta-

193 2062 274 2122 riam
287 2057 443 2138 respiciat,
459 2058 495 2118 tit
509 2059 543 2119 ut
557 2057 595 2118 de
617 2074 654 2118 eo
670 2054 763 2117 modo
780 2055 956 2135 loquamur,
971 2056 1046 2121 licet
1059 2057 1122 2118 alia

195 2155 300 2218 omnia
321 2173 391 2236 quaa
413 2154 531 2215 cultum
553 2151 714 2233 publicum
736 2150 909 2231 respiciunt
928 2152 970 2213 ad
989 2153 1122 2216 alteram

193 2257 316 2332 partem
336 2269 505 2328 reservem,
528 2249 572 2310 uti
594 2265 685 2310 usum
706 2247 745 2308 de
768 2248 916 2310 exercitio
938 2249 1010 2334 vitre
1029 2249 1124 2328 spiri-

194 2349 287 2412 tualis
297 2367 352 2410 seu
362 2347 511 2411 virtutem
525 2343 777 2422 christianarum,
791 2347 822 2408 et
832 2344 989 2425 praecipue
1000 2344 1123 2408 virtutis

194 2444 364 2524 religionis.

234 2540 324 2601 Adde
339 2538 424 2618 quod
439 2537 627 2600 sacrificium
642 2536 895 2615 eucharisticum,
913 2557 1010 2618 quum
1024 2538 1123 2618 impe·

195 2635 362 2697 traiorium
383 2632 423 2695 sit
444 2638 475 2696 et
488 2632 752 2713 propitiatorium,
768 2633 903 2712 ideoque
924 2653 1029 2712 capax·
1045 2637 1123 2698 ohti-

195 2727 290 2789 nendi
306 2730 402 2789 aDeo
418 2727 579 2788 uberrima
596 2725 705 2805 gratiae
720 2725 835 2788 auxilia
850 2727 890 2788 ad
904 2729 1124 2791 sanctificatio-

196 2843 267 2886 nem
283 2828 432 2900 nostram‚
446 2824 563 2904 optime
579 2823 618 2884 de
629 2841 667 2884 eo
682 2823 733 2884 hie
748 2823 833 2884 cadit
846 2821 1123 2888 sermo'ubisermo

196 2923 242 2982 est
256 2920 295 2982 de
309 2918 404 2982 rebus
419 2920 460 2982 ad
474 2918 586 2980 animae
601 2921 716 2982 nostrae
731 2918 1010 2983 sanctificationem
1025 2939 1044 2982 a
1059 2924 1123 2983 Deo

195 3016 353 3080 institutis.

236 3115 277 3174 Ut
287 3110 510 3174 autemisthaec
524 3110 680 3187 tractatio,
692 3109 879 3172 brevissima
889 3111 1028 3190 quidam,
1041 3112 1124 3174 ordi-

196 3213 271 3267 nata
283 3212 389 3270 tamen
403 3205 527 3283 evadat,
545 3225 583 3266 ex
597 3205 714 3285 duplici
728 3210 872 3285 respectu
888 3225 949 3288 quo
965 3208 1028 3268 dixi
1042 3226 1124 3288 pone

196 3303 425 3366 Eucharistiam
445 3301 636 3365 considerari
650 3301 683 3362 in
699 3301 808 3363 ordine
828 3303 868 3364 ad
883 3304 1001 3364 cultum
1023 3305 1125 3384 publi-

197 3415 280 3473 cum,
297 3399 347 3460 vel
361 3400 516 3479 quatenus
530 3399 694 3459 conficitur
707 3415 764 3477 per
778 3397 976 3476 sacrificium,
988 3400 1039 3460 vel
1050 3418 1124 3480 qua·

197 3498 288 3558 tenus
308 3495 417 3560 cultus¹
430 3481 526 3557 nostri
549 3497 708 3577 objectum
730 3497 883 3576 conduct,
900 3533 940 3543 —
955 3501 985 3558 l⁰
999 3501 1124 3579 Loquar
