2476 4022
368 337 408 382 on
429 335 557 384 caruero
575 334 657 384 rmrs
679 337 832 385 cruorum.
1025 327 1061 387 st

135 484 266 546 imitatio
288 481 407 543 ultimae
428 497 528 544 coenae
551 481 666 543 Christi
689 480 829 558 Domini,
846 485 879 544 et
898 483 1064 546 occultatio

75 569 78 576 ’
136 580 378 641 christianorum
400 580 613 639 conventuum
633 577 731 638 rabiei
752 584 1000 655 persecutorum.
1025 581 1066 641 At

136 674 260 736 reddita
277 672 425 734 Ecclesiae
448 689 536 749 paee,
553 671 733 735 celebratio.
744 675 899 734 nocturna
920 673 1063 749 exolevit,

136 769 236 830 donee
250 767 418 830 interdicta
431 770 478 828 est
493 767 590 846 (illias.
608 768 697 826 Rom.
714 768 788 828 Pius
803 770 839 830 V.
856 773 955 830 const.
972 767 1067 830 Sono-

138 863 293 943 tissimosl:
311 881 386 944 ergo
409 863 450 922 ab
471 881 586 924 aurora
609 862 650 922 ad
673 862 837 923 meridiem
861 864 962 926 Missae
986 863 1068 924 cele-

137 961 283 1037 brantur,
308 965 439 1039 excepte
458 959 554 1020 missu
574 959 704 1020 solemni
725 961 758 1020 in
779 967 869 1023 nocte
892 959 1068 1022 Natiuitatis

138 1055 271 1131 Domini,
286 1058 318 1115 et
331 1053 503 1133 privilegiis
517 1053 715 1132 specialibus,
728 1058 759 1118 et
770 1055 980 1134 singularibus
996 1071 1069 1116 oon·

138 1151 369 1228 suetudinibus,
387 1155 419 1212 et
433 1150 617 1230 urgentibus
638 1152 831 1214 necessitatis
846 1152 970 1215 casibus
986 1151 1064 1232 (Lig.

138 1249 176 1310 de
190 1248 291 1310 Euch.
309 1247 383 1309 duh.
402 1265 432 1323 v,
449 1249 507 1308 345
523 1246 602 1326 qq.).
616 1249 734 1310 Verum
747 1266 804 1327 pro
819 1249 919 1310 Missis
935 1245 1068 1327 privatis

138 1345 283 1424 specialis
298 1345 379 1406 hocs
393 1361 455 1405 non
471 1347 518 1406 est
532 1342 755 1419 determinata3
772 1347 805 1407 at
814 1363 871 1424 pro
885 1343 1019 1424 publicis
1033 1360 1070 1404 ac

140 1439 448 1507 solemnibuslllissis
462 1443 557 1502 eertae
577 1439 664 1501 horae
677 1443 750 1501 sunt
765 1439 941 1502 constitutos
960 1436 1072 1500 videli-

140 1541 189 1598 cet
208 1537 311 1612 tertia,
329 1541 427 1613 sexte,
445 1553 540 1612 nona,
558 1535 648 1615 cujus
667 1535 713 1596 rei
727 1535 878 1596 indicium
899 1534 1003 1596 adhuc
1024 1536 1072 1594 est

139 1633 170 1694 in
187 1632 281 1694 officii
295 1631 520 1693 celebratione.

539 1797 563 1836 2⁰
579 1792 611 1835 De
623 1793 678 1835 loco.

181 1917 247 1978 vll.
265 1916 395 1976 Vetusta
415 1913 474 1975 luit
494 1913 642 1974 Ecclesia
665 1911 829 1990 disciplina
849 1910 978 1991 (Bened.
1002 1911 1072 1972 Xlll

142 2012 180 2072 de
196 2011 307 2074 Sacril.
325 2011 427 2072 Missae
442 2010 497 2072 lib.
514 2011 538 2086 l,
555 2029 582 2071 o.
600 2009 622 2088 1)
638 2009 678 2070 ed
694 2010 841 2071 decorem
864 2007 958 2088 hujus
980 2008 1073 2068 secri-

141 2107 200 2168 ticii
226 2110 333 2168 saneto
355 2097 498 2169 instituta
521 2109 691 2186 sancteque
715 2110 854 2181 servata,
881 2105 971 2166 utin
995 2103 1072 2165 locis

141 2203 247 2264 divino
263 2203 359 2264 cultui
381 2204 479 2263 sacris
495 2206 525 2263 et
539 2203 570 2262 in
585 2201 701 2262 mensis
723 2201 796 2260 huic
817 2199 887 2259 usui
910 2199 1074 2260 destinatis

142 2299 218 2359 illud
233 2299 409 2360 offerretur.
427 2301 468 2359 At
482 2299 562 2374 sicut
576 2299 670 2378 hujus
685 2295 856 2372 disciplina
877 2295 957 2354 ratio
970 2295 1002 2354 in
1019 2295 1076 2354 de-

140 2414 211 2457 core
222 2383 517 2476 hujussserosonoti
524 2395 666 2474 mysterii
677 2392 778 2472 posita
788 2395 835 2452 est
846 2390 933 2470 (ibid.
946 2393 975 2465 3,
986 2393 1016 2464 6,
1029 2391 1072 2468 7),

142 2494 183 2558 ita
198 2497 230 2557 ct
245 2494 368 2575 quoties
391 2495 495 2556 decori
518 2494 680 2574 provisum
694 2497 787 2568 esset,
805 2494 888 2552 etex
903 2491 966 2551 alia
986 2492 1076 2568 parte

142 2593 246 2671 gravis
262 2593 411 2672 quosdam
432 2592 549 2653 utilitas
562 2591 613 2652 vel
628 2589 797 2652 necessitas
817 2585 987 2668 spiritualis
1006 2601 1077 2664 pos-

141 2689 219 2750 tulat
235 2692 269 2749 ut
283 2688 583 2780 Missacelebretur,
602 2687 746 2748 admissae
764 2683 842 2746 'sunt
861 2684 935 2750 huic
956 2681 1076 2761 regulae
1125 2729 1128 2734 <
1197 2707 1199 2712 ·

144 2784 355 2864 exceptiones.

182 2884 213 2942 l⁰
235 2883 271 2942 ln
293 2879 504 2942 vetustissima
524 2878 671 2940 Ecclesiae
693 2877 867 2956 disciplina,
886 2875 1011 2956 quando
1033 2873 1078 2934 rei
1124 2875 1126 2878 ’

145 2978 322 3041 christianae
346 2976 574 3058 persecutionis
595 2975 719 3054 gladius
742 2973 938 3064 minabatur,
964 2971 1080 3030 scimus

146 3077 254 3138 Missas
269 3075 399 3154 privetis
413 3074 445 3134 in
460 3073 617 3155 domibuS,
634 3073 665 3133 in
682 3071 881 3140 coemeteriis,
897 3067 930 3127 in
947 3068 1081 3127 carceri-

145 3169 202 3231 bus
217 3171 405 3248 eelebretas,
418 3174 449 3232 et
464 3168 633 3248 aliquando
648 3167 733 3248 nullo
750 3165 890 3226 adhibito
906 3163 1007 3223 altari.
1019 3164 1083 3222 Lu-

147 3267 253 3328 cienus
276 3271 409 3346 martyr,
435 3267 510 3328 dum
534 3264 565 3325 in
594 3264 726 3326 vinculis
755 3266 855 3337 esset,
885 3259 1081 3320 celebrande

148 3365 247 3427 Missae
262 3383 359 3426 eausa
373 3365 499 3443 proprio
515 3381 589 3424 usus
604 3367 652 3422 est
665 3362 793 3439 pectore
808 3360 958 3438 tanquam
978 3357 1080 3431 altari,

150 3467 180 3522 et
192 3463 398 3524 diaconorum
413 3476 525 3523 manus
540 3458 580 3520 ed
595 3455 838 3519 sacrificandum
853 3474 909 3534 pro
924 3455 1015 3517 altari
1030 3453 1083 3513 ad-

152 3555 286 3629 hibuisse
301 3555 541 3626 Tbeodoretum
553 3555 698 3634 legimus.
