2504 4024
379 269 418 313 ns
439 267 566 314 ononoro
586 269 668 314 roms
689 269 844 316 oanonnor.
1018 261 1071 318 iti

201 521 226 564 B·
238 533 264 566 DE
280 530 449 564 annumeramus
464 529 610 564 utinmotu!
625 529 672 562 GU!
687 523 861 564 acumitensi
872 530 900 562 ln
915 530 1021 566 wilrici

498 623 501 628 .
542 597 675 633 sociarint.

269 742 291 786 1.
305 743 337 787 iia
347 741 480 798 subiectione
492 739 623 784 matrimonii
635 739 732 783 societati
747 737 803 782 cirili
814 742 836 782 ot
847 739 950 784 ecclesiae.

187 894 250 954 vll.
269 891 501 953 Matrimonium
517 889 602 969 quod
615 889 655 950 ab
670 889 757 949 initio
771 890 974 956 institutionis
995 909 1071 966 suae,

98 1058 103 1071 Ι
150 989 246 1051 extitit
265 987 515 1065 independenter
528 1004 548 1046 a
563 985 673 1065 quavis
687 984 749 1044 otia
763 986 922 1062 societate,
940 1003 1003 1044 una
1018 986 1076 1045 init

150 1085 277 1144 societas
297 1082 411 1160 prima,
428 1087 615 1142 caeterarum
633 1080 766 1155 initium,
783 1084 933 1159 tanquam
952 1099 1075 1142 merum

150 1178 284 1238 officium
302 1173 529 1251 naturae,·nulli
549 1175 640 1236 alteri
653 1174 726 1254 legi,
743 1175 793 1235 vel
809 1176 985 1236 auctoritati
1003 1176 1075 1236 sub-

149 1269 257 1344 ditum,
274 1268 334 1329 nisi
356 1269 418 1348 legi
443 1269 555 1330 divinae
585 1269 736 1345 naturali,
754 1272 786 1328 et
809 1270 944 1328 naturali
966 1271 1023 1329 Dei
1042 1269 1074 1329 in

149 1365 290 1425 homines
308 1364 501 1438 auctoritati;
518 1363 725 1442 multiplicata
748 1364 912 1424 hominum
934 1363 1071 1440 familia,

149 1464 215 1521 oria
224 1478 262 1519 ox
271 1459 340 1536 ipso
351 1459 487 1521 naturali
493 1459 565 1538 jure
575 1459 715 1519 humana
729 1459 926 1537 anctoritate,
938 1460 1076 1538 aliquem

149 1557 289 1617 ordinem
303 1557 343 1617 ad
358 1573 429 1616 eam
448 1555 640 1630 contraxisse
660 1556 916 1633 controversiam,
933 1561 968 1619 ut
988 1574 1071 1635 reor,

149 1670 208 1714 non
223 1651 351 1730 patitur.

186 1754 328 1830 Namque
350 1751 419 1829 ipsa
438 1749 590 1812 naturalis
611 1749 763 1829 subjectio
782 1750 838 1810 filii
853 1751 893 1811 ad
907 1750 1076 1813 auotorita-

147 1852 209 1910 tem
223 1846 331 1924 patris,
348 1845 438 1907 facile
453 1845 566 1906 suadet
579 1846 812 1908 matrimonium
826 1846 962 1908 filiorum
976 1866 997 1908 a
1010 1848 1075 1907 vin-

148 1943 215 2003 culo
240 1944 379 2020 paternae
403 1940 606 2020 subjectionis
630 1960 692 2002 non
715 1943 810 2004 fuisse
834 1935 990 2003 immune(
1007 1945 1074 2003 Non

147 2037 259 2117 loquor
274 2037 324 2098 hio
338 2037 377 2096 de
392 2037 541 2100 limitibus
556 2039 695 2116 patornae
715 2037 908 2101 auctoritatis
922 2038 953 2098 in
967 2039 1076 2099 matri-

147 2133 286 2193 monium
300 2131 447 2208 filiorum,
460 2131 516 2192 aed
527 2131 627 2211 qualis
641 2131 770 2192 tandem
784 2131 878 2191 fuerit
888 2133 955 2193 haec
970 2138 1074 2192 auoto-

86 2272 90 2279 .
147 2225 231 2286 ritas.
250 2227 319 2286 Non
339 2227 415 2302 puto
436 2224 517 2286 filios
539 2225 593 2304 qui
611 2223 753 2304 generali
775 2223 918 2303 obsequii
939 2228 970 2285 et
983 2242 1074 2286 reve-

147 2321 253 2382 rentiae
279 2320 383 2382 debito
408 2339 484 2400 erga
506 2316 872 2397 parentes'deiinentur‚
894 2319 939 2379 ita
960 2319 1072 2394 fuisse,

147 2415 205 2476 hac
224 2416 257 2475 in
276 2432 322 2490 re,
337 2415 493 2476 immunes
512 2433 532 2475 a
550 2417 717 2493 parentum
740 2415 911 2492 voluntate,
927 2418 963 2476 ut
985 2413 1017 2472 in
1040 2431 1074 2473 re

147 2511 225 2571 tanti
237 2511 390 2572 momenti
404 2529 424 2570 a
437 2510 619 2588 parentibus
635 2511 711 2588 ipsis
725 2509 818 2590 dirigi
832 2507 895 2572 no'n
910 2510 1073 2586 deberent,

148 2607 178 2664 et
191 2604 258 2664 sine
273 2603 411 2680 periculo
432 2604 470 2663 iis
490 2602 614 2664 licuisse
631 2603 752 2682 justum
770 2609 937 2682 parentum
955 2605 1076 2666 dissen-

147 2717 213 2759 sum
228 2716 292 2759 non
307 2716 434 2772 cunare;
452 2701 627 2776 praesentim
637 2718 674 2760 eo
688 2705 830 2779 tempore
846 2703 972 2781 qnando
988 2702 1074 2762 nulla

148 2798 207 2859 alia
217 2799 392 2864 auctoritas
401 2798 601 2875 patriarchali
616 2798 717 2879 maJ'or
730 2800 812 2860 inter
826 2801 969 2861 homines
979 2801 1075 2860 hehe·

147 2895 241 2954 retur.
256 2892 378 2953 Scimus
389 2911 426 2952 ex
435 2893 505 2970 ipsa
519 2893 681 2972 Scriptura
696 2913 774 2974 quas
788 2897 892 2972 pantes
907 2894 1075 2954 habuerint

145 2988 332 3072 patriarchae
354 2988 386 3048 in
416 2988 618 3049 moderandis
646 2990 810 3052 connubiis
837 2989 973 3050 filiorum
1001 3005 1075 3048 suo-

143 3101 225 3145 rum.
971 3112 974 3117 ·

184 3179 397 3257 Multiplicaiis
420 3180 584 3242 hominum
612 3179 757 3256 familiis,
788 3183 907 3240 naturae
936 3177 1073 3257 quodam

144 3272 290 3337 instinctu
305 3276 431 3338 familia>
446 3275 522 3355 ipsae
537 3273 569 3337 in
589 3275 774 3355 ampliorem
797 3274 979 3336 societatem
1002 3293 1073 3336 ooa-

144 3368 280 3448 luerunt,
297 3372 330 3432 in
344 3373 525 3436 societatem
546 3371 715 3451 politicam.
738 3372 826 3432 Nova
844 3369 917 3430 hino
938 3375 1007 3434 orta
1026 3375 1074 3432 est

147 3468 325 3546 auotoritas,
354 3468 501 3530 videlicet
527 3466 663 3547 publica,
694 3467 865 3531 domestica
889 3471 920 3528 et
941 3470 1074 3546 paterna
