<?xml version="1.0" encoding="UTF-8"?>
<!DOCTYPE html PUBLIC "-//W3C//DTD XHTML 1.0 Transitional//EN"
    "http://www.w3.org/TR/xhtml1/DTD/xhtml1-transitional.dtd">
<html xmlns="http://www.w3.org/1999/xhtml" xml:lang="en" lang="en">
 <head>
  <title>
</title>
<meta http-equiv="Content-Type" content="text/html;charset=utf-8" />
  <meta name='ocr-system' content='tesseract 3.04.00' />
  <meta name='ocr-capabilities' content='ocr_page ocr_carea ocr_par ocr_line ocrx_word'/>
</head>
<body>
  <div class='ocr_page' id='page_1' title='image "./institutionesju00marigoog_0124.png"; bbox 0 0 2504 4024; ppageno 0'>
   <div class='ocr_carea' id='block_1_1' title="bbox 396 296 1098 353">
    <p class='ocr_par' dir='ltr' id='par_1_1' title="bbox 396 296 1098 353">
     <span class='ocr_line' id='line_1_1' title="bbox 396 296 1098 353; baseline 0.006 -5"><span class='ocrx_word' id='word_1_1' title='bbox 396 307 434 348; x_wconf 84' lang='lat' dir='ltr'>nu</span> <span class='ocrx_word' id='word_1_2' title='bbox 457 304 585 350; x_wconf 78' lang='lat' dir='ltr'>caruero</span> <span class='ocrx_word' id='word_1_3' title='bbox 605 306 687 352; x_wconf 76' lang='lat' dir='ltr'>sums</span> <span class='ocrx_word' id='word_1_4' title='bbox 709 306 864 353; x_wconf 69' lang='lat' dir='ltr'>cononica</span> <span class='ocrx_word' id='word_1_5' title='bbox 1043 296 1098 352; x_wconf 81' lang='lat'>117</span> 
     </span>
    </p>
   </div>
   <div class='ocr_carea' id='block_1_2' title="bbox 168 446 1106 3489">
    <p class='ocr_par' dir='ltr' id='par_1_2' title="bbox 168 446 1103 1284">
     <span class='ocr_line' id='line_1_2' title="bbox 175 446 1100 528; baseline 0.006 -19"><span class='ocrx_word' id='word_1_6' title='bbox 175 449 274 528; x_wconf 82' lang='lat' dir='ltr'>quitur</span> <span class='ocrx_word' id='word_1_7' title='bbox 287 447 506 510; x_wconf 89' lang='lat' dir='ltr'>ecclesiasticae</span> <span class='ocrx_word' id='word_1_8' title='bbox 526 446 697 526; x_wconf 87' lang='lat' dir='ltr'>disciplinae</span> <span class='ocrx_word' id='word_1_9' title='bbox 716 449 937 513; x_wconf 89' lang='lat' dir='ltr'>moderandus.</span> <span class='ocrx_word' id='word_1_10' title='bbox 959 454 1100 516; x_wconf 78' lang='lat' dir='ltr'>Ecclesia</span> 
     </span>
     <span class='ocr_line' id='line_1_3' title="bbox 173 541 1101 620; baseline 0.005 -16"><span class='ocrx_word' id='word_1_11' title='bbox 173 545 301 605; x_wconf 90' lang='lat' dir='ltr'>alterum</span> <span class='ocrx_word' id='word_1_12' title='bbox 316 541 417 603; x_wconf 90' lang='lat' dir='ltr'>credit</span> <span class='ocrx_word' id='word_1_13' title='bbox 429 544 580 620; x_wconf 78' lang='lat' dir='ltr'><strong>tanquam</strong></span> <span class='ocrx_word' id='word_1_14' title='bbox 594 541 792 618; x_wconf 79' lang='lat' dir='ltr'>invisibilem,</span> <span class='ocrx_word' id='word_1_15' title='bbox 810 543 942 603; x_wconf 90' lang='lat' dir='ltr'>alterum</span> <span class='ocrx_word' id='word_1_16' title='bbox 957 547 1043 608; x_wconf 88' lang='lat' dir='ltr'>velut</span> <span class='ocrx_word' id='word_1_17' title='bbox 1052 549 1101 609; x_wconf 84' lang='lat' dir='ltr'>vi-</span> 
     </span>
     <span class='ocr_line' id='line_1_4' title="bbox 173 637 1100 716; baseline 0.004 -16"><span class='ocrx_word' id='word_1_18' title='bbox 173 640 290 700; x_wconf 88' lang='lat' dir='ltr'>sibilem</span> <span class='ocrx_word' id='word_1_19' title='bbox 305 637 495 699; x_wconf 76' lang='lat' dir='ltr'>determinat</span> <span class='ocrx_word' id='word_1_20' title='bbox 509 642 541 700; x_wconf 94' lang='lat' dir='ltr'>et</span> <span class='ocrx_word' id='word_1_21' title='bbox 560 637 727 716; x_wconf 86' lang='lat' dir='ltr'>gubernat.</span> <span class='ocrx_word' id='word_1_22' title='bbox 749 641 848 698; x_wconf 87' lang='lat' dir='ltr'>Porro</span> <span class='ocrx_word' id='word_1_23' title='bbox 867 639 980 716; x_wconf 83' lang='lat' dir='ltr'>triplex</span> <span class='ocrx_word' id='word_1_24' title='bbox 998 661 1100 704; x_wconf 88' lang='lat' dir='ltr'>sacra-</span> 
     </span>
     <span class='ocr_line' id='line_1_5' title="bbox 172 733 1098 815; baseline 0.003 -19"><span class='ocrx_word' id='word_1_25' title='bbox 172 740 309 796; x_wconf 90' lang='lat' dir='ltr'>mentum</span> <span class='ocrx_word' id='word_1_26' title='bbox 324 735 372 793; x_wconf 89' lang='lat' dir='ltr'>est</span> <span class='ocrx_word' id='word_1_27' title='bbox 390 733 475 811; x_wconf 87' lang='lat' dir='ltr'>quod</span> <span class='ocrx_word' id='word_1_28' title='bbox 496 733 711 793; x_wconf 75' lang='lat' dir='ltr'>characterem</span> <span class='ocrx_word' id='word_1_29' title='bbox 733 734 887 811; x_wconf 89' lang='lat' dir='ltr'>exprimat</span> <span class='ocrx_word' id='word_1_30' title='bbox 903 754 910 794; x_wconf 92' lang='lat'>:</span> <span class='ocrx_word' id='word_1_31' title='bbox 927 735 1098 815; x_wconf 86' lang='lat' dir='ltr'>Baptisma,</span> 
     </span>
     <span class='ocr_line' id='line_1_6' title="bbox 173 828 1102 909; baseline 0.001 -17"><span class='ocrx_word' id='word_1_32' title='bbox 173 829 377 903; x_wconf 80' lang='lat' dir='ltr'>confirmatio,</span> <span class='ocrx_word' id='word_1_33' title='bbox 401 828 480 889; x_wconf 89' lang='lat' dir='ltr'>ordo</span> <span class='ocrx_word' id='word_1_34' title='bbox 502 848 509 889; x_wconf 92' lang='lat'>:</span> <span class='ocrx_word' id='word_1_35' title='bbox 534 845 608 908; x_wconf 85' lang='lat' dir='ltr'>ergo</span> <span class='ocrx_word' id='word_1_36' title='bbox 632 829 843 901; x_wconf 82' lang='lat' dir='ltr'>ecclesiastica</span> <span class='ocrx_word' id='word_1_37' title='bbox 861 829 1027 909; x_wconf 89' lang='lat' dir='ltr'>disciplina</span> <span class='ocrx_word' id='word_1_38' title='bbox 1047 833 1102 893; x_wconf 90' lang='lat' dir='ltr'>de-</span> 
     </span>
     <span class='ocr_line' id='line_1_7' title="bbox 171 925 1102 1004; baseline 0.001 -18"><span class='ocrx_word' id='word_1_39' title='bbox 171 925 355 986; x_wconf 87' lang='lat' dir='ltr'>terminatus</span> <span class='ocrx_word' id='word_1_40' title='bbox 378 929 425 983; x_wconf 87' lang='lat' dir='ltr'>est</span> <span class='ocrx_word' id='word_1_41' title='bbox 448 926 547 985; x_wconf 86' lang='lat' dir='ltr'>status</span> <span class='ocrx_word' id='word_1_42' title='bbox 567 941 623 983; x_wconf 90' lang='lat' dir='ltr'>seu</span> <span class='ocrx_word' id='word_1_43' title='bbox 644 925 826 1003; x_wconf 88' lang='lat' dir='ltr'>complexus</span> <span class='ocrx_word' id='word_1_44' title='bbox 842 925 961 1004; x_wconf 85' lang='lat' dir='ltr'>jurium</span> <span class='ocrx_word' id='word_1_45' title='bbox 982 931 1013 989; x_wconf 88' lang='lat' dir='ltr'>et</span> <span class='ocrx_word' id='word_1_46' title='bbox 1034 927 1102 987; x_wconf 86' lang='lat' dir='ltr'>offl-</span> 
     </span>
     <span class='ocr_line' id='line_1_8' title="bbox 171 1017 1099 1096; baseline 0.002 -18"><span class='ocrx_word' id='word_1_47' title='bbox 171 1017 289 1078; x_wconf 92' lang='lat' dir='ltr'>ciorum</span> <span class='ocrx_word' id='word_1_48' title='bbox 313 1035 384 1096; x_wconf 85' lang='lat' dir='ltr'>quae</span> <span class='ocrx_word' id='word_1_49' title='bbox 407 1017 457 1077; x_wconf 81' lang='lat' dir='ltr'>nel</span> <span class='ocrx_word' id='word_1_50' title='bbox 480 1017 619 1096; x_wconf 86' lang='lat' dir='ltr'>generali</span> <span class='ocrx_word' id='word_1_51' title='bbox 646 1017 878 1096; x_wconf 83' lang='lat' dir='ltr'>baptizatorum</span> <span class='ocrx_word' id='word_1_52' title='bbox 907 1019 1099 1096; x_wconf 93' lang='lat' dir='ltr'>conditioni,</span> 
     </span>
     <span class='ocr_line' id='line_1_9' title="bbox 168 1109 1103 1190; baseline 0.003 -20"><span class='ocrx_word' id='word_1_53' title='bbox 168 1110 217 1170; x_wconf 84' lang='lat' dir='ltr'>vel</span> <span class='ocrx_word' id='word_1_54' title='bbox 231 1109 361 1187; x_wconf 90' lang='lat' dir='ltr'>speciali</span> <span class='ocrx_word' id='word_1_55' title='bbox 376 1110 646 1188; x_wconf 86' lang='lat' dir='ltr'>confirmatorum,</span> <span class='ocrx_word' id='word_1_56' title='bbox 663 1113 713 1173; x_wconf 85' lang='lat' dir='ltr'>vel</span> <span class='ocrx_word' id='word_1_57' title='bbox 727 1111 960 1190; x_wconf 73' lang='lat' dir='ltr'>specialissima</span> <span class='ocrx_word' id='word_1_58' title='bbox 976 1113 1103 1174; x_wconf 89' lang='lat' dir='ltr'>ordina-</span> 
     </span>
     <span class='ocr_line' id='line_1_10' title="bbox 170 1205 469 1284; baseline -0.007 -18"><span class='ocrx_word' id='word_1_59' title='bbox 170 1211 273 1266; x_wconf 89' lang='lat' dir='ltr'>torum</span> <span class='ocrx_word' id='word_1_60' title='bbox 288 1205 469 1284; x_wconf 82' lang='lat' dir='ltr'>respondet.</span> 
     </span>
    </p>

    <p class='ocr_par' dir='ltr' id='par_1_3' title="bbox 168 1301 1104 1858">
     <span class='ocr_line' id='line_1_11' title="bbox 208 1301 1103 1380; baseline -0.002 -15"><span class='ocrx_word' id='word_1_61' title='bbox 208 1304 328 1365; x_wconf 80' lang='lat' dir='ltr'>Verum</span> <span class='ocrx_word' id='word_1_62' title='bbox 356 1319 454 1380; x_wconf 89' lang='lat' dir='ltr'>quum</span> <span class='ocrx_word' id='word_1_63' title='bbox 480 1301 644 1364; x_wconf 76' lang='lat' dir='ltr'>character</span> <span class='ocrx_word' id='word_1_64' title='bbox 671 1302 915 1364; x_wconf 84' lang='lat' dir='ltr'>confirmationis</span> <span class='ocrx_word' id='word_1_65' title='bbox 948 1305 1103 1366; x_wconf 89' lang='lat' dir='ltr'>habeatur</span> 
     </span>
     <span class='ocr_line' id='line_1_12' title="bbox 170 1395 1103 1476; baseline -0.002 -18"><span class='ocrx_word' id='word_1_66' title='bbox 170 1395 256 1458; x_wconf 87' lang='lat' dir='ltr'>velut</span> <span class='ocrx_word' id='word_1_67' title='bbox 270 1395 633 1474; x_wconf 81' lang='lat' dir='ltr'>perfectio-characteris</span> <span class='ocrx_word' id='word_1_68' title='bbox 654 1395 813 1474; x_wconf 82' lang='lat' dir='ltr'>baptismi,</span> <span class='ocrx_word' id='word_1_69' title='bbox 837 1414 900 1457; x_wconf 91' lang='lat' dir='ltr'>non</span> <span class='ocrx_word' id='word_1_70' title='bbox 920 1397 1034 1476; x_wconf 88' lang='lat' dir='ltr'>triplex</span> <span class='ocrx_word' id='word_1_71' title='bbox 1056 1414 1103 1456; x_wconf 93' lang='lat' dir='ltr'>re-</span> 
     </span>
     <span class='ocr_line' id='line_1_13' title="bbox 170 1491 1101 1570; baseline -0.003 -17"><span class='ocrx_word' id='word_1_72' title='bbox 170 1496 317 1553; x_wconf 88' lang='lat' dir='ltr'>censetur</span> <span class='ocrx_word' id='word_1_73' title='bbox 330 1491 487 1570; x_wconf 83' lang='lat' dir='ltr'>generalis</span> <span class='ocrx_word' id='word_1_74' title='bbox 506 1491 747 1553; x_wconf 88' lang='lat' dir='ltr'>christianorum</span> <span class='ocrx_word' id='word_1_75' title='bbox 768 1495 878 1568; x_wconf 90' lang='lat' dir='ltr'>status,</span> <span class='ocrx_word' id='word_1_76' title='bbox 900 1491 956 1552; x_wconf 93' lang='lat' dir='ltr'>sed</span> <span class='ocrx_word' id='word_1_77' title='bbox 974 1491 1101 1568; x_wconf 84' lang='lat' dir='ltr'>duplex,</span> 
     </span>
     <span class='ocr_line' id='line_1_14' title="bbox 169 1585 1104 1668; baseline 0 -18"><span class='ocrx_word' id='word_1_78' title='bbox 169 1592 260 1666; x_wconf 84' lang='lat' dir='ltr'>alter,</span> <span class='ocrx_word' id='word_1_79' title='bbox 276 1590 466 1668; x_wconf 90' lang='lat' dir='ltr'>simplicium</span> <span class='ocrx_word' id='word_1_80' title='bbox 485 1585 738 1666; x_wconf 85' lang='lat' dir='ltr'>christianorum,</span> <span class='ocrx_word' id='word_1_81' title='bbox 760 1590 813 1668; x_wconf 86' lang='lat' dir='ltr'>qui</span> <span class='ocrx_word' id='word_1_82' title='bbox 832 1589 1006 1651; x_wconf 88' lang='lat' dir='ltr'>characteri</span> <span class='ocrx_word' id='word_1_83' title='bbox 1026 1590 1104 1667; x_wconf 91' lang='lat' dir='ltr'>bap-</span> 
     </span>
     <span class='ocr_line' id='line_1_15' title="bbox 168 1681 1103 1763; baseline -0.005 -17"><span class='ocrx_word' id='word_1_84' title='bbox 168 1684 302 1746; x_wconf 89' lang='lat' dir='ltr'>tismatis</span> <span class='ocrx_word' id='word_1_85' title='bbox 316 1689 348 1744; x_wconf 91' lang='lat' dir='ltr'>et</span> <span class='ocrx_word' id='word_1_86' title='bbox 362 1685 617 1762; x_wconf 85' lang='lat' dir='ltr'>confirmationis,</span> <span class='ocrx_word' id='word_1_87' title='bbox 635 1685 727 1761; x_wconf 90' lang='lat' dir='ltr'>alter,</span> <span class='ocrx_word' id='word_1_88' title='bbox 744 1683 940 1759; x_wconf 87' lang='lat' dir='ltr'>clericorum,</span> <span class='ocrx_word' id='word_1_89' title='bbox 958 1683 1011 1763; x_wconf 89' lang='lat' dir='ltr'>qui</span> <span class='ocrx_word' id='word_1_90' title='bbox 1027 1681 1103 1743; x_wconf 86' lang='lat' dir='ltr'>cha-</span> 
     </span>
     <span class='ocr_line' id='line_1_16' title="bbox 169 1779 610 1858; baseline 0.002 -19"><span class='ocrx_word' id='word_1_91' title='bbox 169 1779 285 1841; x_wconf 87' lang='lat' dir='ltr'>racteri</span> <span class='ocrx_word' id='word_1_92' title='bbox 299 1779 416 1840; x_wconf 86' lang='lat' dir='ltr'>ordinis</span> <span class='ocrx_word' id='word_1_93' title='bbox 430 1780 610 1858; x_wconf 87' lang='lat' dir='ltr'>respondet.</span> 
     </span>
    </p>

    <p class='ocr_par' dir='ltr' id='par_1_4' title="bbox 168 1875 1105 2418">
     <span class='ocr_line' id='line_1_17' title="bbox 209 1875 1105 1954; baseline -0.003 -17"><span class='ocrx_word' id='word_1_94' title='bbox 209 1877 357 1937; x_wconf 85' lang='lat' dir='ltr'>Jamvero</span> <span class='ocrx_word' id='word_1_95' title='bbox 372 1893 469 1954; x_wconf 87' lang='lat' dir='ltr'>quum</span> <span class='ocrx_word' id='word_1_96' title='bbox 483 1875 534 1936; x_wconf 91' lang='lat' dir='ltr'>hic</span> <span class='ocrx_word' id='word_1_97' title='bbox 552 1881 698 1936; x_wconf 87' lang='lat' dir='ltr'>externus</span> <span class='ocrx_word' id='word_1_98' title='bbox 717 1880 815 1938; x_wconf 89' lang='lat' dir='ltr'>status</span> <span class='ocrx_word' id='word_1_99' title='bbox 834 1877 956 1937; x_wconf 86' lang='lat' dir='ltr'>interno</span> <span class='ocrx_word' id='word_1_100' title='bbox 975 1875 1021 1936; x_wconf 87' lang='lat' dir='ltr'>illi</span> <span class='ocrx_word' id='word_1_101' title='bbox 1038 1892 1105 1934; x_wconf 89' lang='lat' dir='ltr'>res-</span> 
     </span>
     <span class='ocr_line' id='line_1_18' title="bbox 168 1972 1104 2054; baseline -0.003 -19"><span class='ocrx_word' id='word_1_102' title='bbox 168 1974 310 2054; x_wconf 89' lang='lat' dir='ltr'>pondeat</span> <span class='ocrx_word' id='word_1_103' title='bbox 323 1993 360 2034; x_wconf 91' lang='lat' dir='ltr'>ex</span> <span class='ocrx_word' id='word_1_104' title='bbox 374 1972 479 2034; x_wconf 90' lang='lat' dir='ltr'>indole</span> <span class='ocrx_word' id='word_1_105' title='bbox 495 1991 563 2050; x_wconf 88' lang='lat' dir='ltr'>sua,</span> <span class='ocrx_word' id='word_1_106' title='bbox 580 1978 750 2052; x_wconf 89' lang='lat' dir='ltr'>perpetuus</span> <span class='ocrx_word' id='word_1_107' title='bbox 766 1981 921 2045; x_wconf 83' lang='lat' dir='ltr'>censetur,</span> <span class='ocrx_word' id='word_1_108' title='bbox 938 1973 993 2034; x_wconf 88' lang='lat' dir='ltr'>sed</span> <span class='ocrx_word' id='word_1_109' title='bbox 1004 1991 1104 2053; x_wconf 87' lang='lat' dir='ltr'>quum</span> 
     </span>
     <span class='ocr_line' id='line_1_19' title="bbox 170 2065 1104 2148; baseline -0.002 -19"><span class='ocrx_word' id='word_1_110' title='bbox 170 2089 210 2130; x_wconf 88' lang='lat' dir='ltr'>ex</span> <span class='ocrx_word' id='word_1_111' title='bbox 224 2068 285 2128; x_wconf 88' lang='lat' dir='ltr'>alia</span> <span class='ocrx_word' id='word_1_112' title='bbox 306 2071 396 2146; x_wconf 90' lang='lat' dir='ltr'>parte</span> <span class='ocrx_word' id='word_1_113' title='bbox 418 2085 481 2127; x_wconf 91' lang='lat' dir='ltr'>non</span> <span class='ocrx_word' id='word_1_114' title='bbox 503 2067 583 2129; x_wconf 90' lang='lat' dir='ltr'>sicut</span> <span class='ocrx_word' id='word_1_115' title='bbox 602 2065 653 2129; x_wconf 91' lang='lat' dir='ltr'>ille</span> <span class='ocrx_word' id='word_1_116' title='bbox 672 2069 743 2148; x_wconf 82' lang='lat' dir='ltr'>jure</span> <span class='ocrx_word' id='word_1_117' title='bbox 766 2071 871 2131; x_wconf 90' lang='lat' dir='ltr'>divino</span> <span class='ocrx_word' id='word_1_118' title='bbox 893 2069 1035 2131; x_wconf 89' lang='lat' dir='ltr'>absolute</span> <span class='ocrx_word' id='word_1_119' title='bbox 1056 2087 1104 2127; x_wconf 87' lang='lat' dir='ltr'>re-</span> 
     </span>
     <span class='ocr_line' id='line_1_20' title="bbox 168 2158 1103 2244; baseline -0.002 -20"><span class='ocrx_word' id='word_1_120' title='bbox 168 2169 273 2244; x_wconf 82' lang='lat' dir='ltr'>gatur,</span> <span class='ocrx_word' id='word_1_121' title='bbox 291 2163 346 2223; x_wconf 91' lang='lat' dir='ltr'>sed</span> <span class='ocrx_word' id='word_1_122' title='bbox 357 2158 429 2242; x_wconf 81' lang='lat' dir='ltr'>jure</span> <span class='ocrx_word' id='word_1_123' title='bbox 444 2163 636 2242; x_wconf 88' lang='lat' dir='ltr'>disciplinari</span> <span class='ocrx_word' id='word_1_124' title='bbox 651 2167 842 2236; x_wconf 88' lang='lat' dir='ltr'>moderetur,</span> <span class='ocrx_word' id='word_1_125' title='bbox 859 2164 991 2244; x_wconf 86' lang='lat' dir='ltr'>alicujus</span> <span class='ocrx_word' id='word_1_126' title='bbox 1006 2163 1103 2224; x_wconf 91' lang='lat' dir='ltr'>modi·</span> 
     </span>
     <span class='ocr_line' id='line_1_21' title="bbox 169 2258 1105 2339; baseline -0.004 -17"><span class='ocrx_word' id='word_1_127' title='bbox 169 2259 325 2322; x_wconf 84' lang='lat' dir='ltr'>ficationis</span> <span class='ocrx_word' id='word_1_128' title='bbox 338 2278 395 2338; x_wconf 91' lang='lat' dir='ltr'>per</span> <span class='ocrx_word' id='word_1_129' title='bbox 416 2259 563 2320; x_wconf 89' lang='lat' dir='ltr'>accidens</span> <span class='ocrx_word' id='word_1_130' title='bbox 584 2261 652 2321; x_wconf 86' lang='lat' dir='ltr'>fieri</span> <span class='ocrx_word' id='word_1_131' title='bbox 673 2263 777 2339; x_wconf 92' lang='lat' dir='ltr'>potest</span> <span class='ocrx_word' id='word_1_132' title='bbox 796 2258 953 2338; x_wconf 88' lang='lat' dir='ltr'>particeps</span> <span class='ocrx_word' id='word_1_133' title='bbox 973 2277 1034 2337; x_wconf 84' lang='lat' dir='ltr'>quo</span> <span class='ocrx_word' id='word_1_134' title='bbox 1054 2259 1105 2319; x_wconf 86' lang='lat' dir='ltr'>vel</span> 
     </span>
     <span class='ocr_line' id='line_1_22' title="bbox 168 2352 1100 2418; baseline -0.002 -2"><span class='ocrx_word' id='word_1_135' title='bbox 168 2357 330 2418; x_wconf 92' lang='lat' dir='ltr'>minuatur</span> <span class='ocrx_word' id='word_1_136' title='bbox 343 2355 393 2416; x_wconf 90' lang='lat' dir='ltr'>vel</span> <span class='ocrx_word' id='word_1_137' title='bbox 411 2355 540 2418; x_wconf 84' lang='lat' dir='ltr'>tollatur</span> <span class='ocrx_word' id='word_1_138' title='bbox 561 2356 714 2417; x_wconf 86' lang='lat' dir='ltr'>absolute.</span> <span class='ocrx_word' id='word_1_139' title='bbox 738 2357 812 2416; x_wconf 88' lang='lat' dir='ltr'>Haec</span> <span class='ocrx_word' id='word_1_140' title='bbox 830 2352 1100 2414; x_wconf 82' lang='lat' dir='ltr'>mutatio&#39;autem.</span> 
     </span>
    </p>

    <p class='ocr_par' dir='ltr' id='par_1_5' title="bbox 168 2448 1104 2626">
     <span class='ocr_line' id='line_1_23' title="bbox 210 2448 1104 2531; baseline -0.009 -17"><span class='ocrx_word' id='word_1_141' title='bbox 210 2457 241 2514; x_wconf 88' lang='lat' dir='ltr'>l⁰</span> <span class='ocrx_word' id='word_1_142' title='bbox 263 2454 300 2513; x_wconf 92' lang='lat' dir='ltr'>Iu</span> <span class='ocrx_word' id='word_1_143' title='bbox 324 2469 451 2531; x_wconf 87' lang='lat' dir='ltr'>poenam</span> <span class='ocrx_word' id='word_1_144' title='bbox 473 2455 577 2530; x_wconf 87' lang='lat' dir='ltr'>potest</span> <span class='ocrx_word' id='word_1_145' title='bbox 600 2451 782 2530; x_wconf 83' lang='lat' dir='ltr'>contingere</span> <span class='ocrx_word' id='word_1_146' title='bbox 807 2448 911 2530; x_wconf 88' lang='lat' dir='ltr'>quoad</span> <span class='ocrx_word' id='word_1_147' title='bbox 938 2453 1104 2527; x_wconf 87' lang='lat' dir='ltr'>utrumque</span> 
     </span>
     <span class='ocr_line' id='line_1_24' title="bbox 168 2552 404 2626; baseline -0.008 -15"><span class='ocrx_word' id='word_1_148' title='bbox 168 2552 298 2626; x_wconf 89' lang='lat' dir='ltr'>statum,</span> <span class='ocrx_word' id='word_1_149' title='bbox 402 2583 404 2586; x_wconf 92' lang='lat'><em>-</em></span> 
     </span>
    </p>

    <p class='ocr_par' dir='ltr' id='par_1_6' title="bbox 168 2639 1105 2802">
     <span class='ocr_line' id='line_1_25' title="bbox 208 2639 1105 2724; baseline -0.007 -18"><span class='ocrx_word' id='word_1_150' title='bbox 208 2649 241 2706; x_wconf 76' lang='lat'>2⁰</span> <span class='ocrx_word' id='word_1_151' title='bbox 254 2646 301 2706; x_wconf 81' lang='lat' dir='ltr'>llx</span> <span class='ocrx_word' id='word_1_152' title='bbox 314 2642 474 2706; x_wconf 84' lang='lat' dir='ltr'>voluntate</span> <span class='ocrx_word' id='word_1_153' title='bbox 489 2643 595 2705; x_wconf 83' lang='lat' dir='ltr'>clerici</span> <span class='ocrx_word' id='word_1_154' title='bbox 608 2642 778 2721; x_wconf 89' lang='lat' dir='ltr'>aliquando</span> <span class='ocrx_word' id='word_1_155' title='bbox 794 2641 899 2724; x_wconf 87' lang='lat' dir='ltr'>quoad</span> <span class='ocrx_word' id='word_1_156' title='bbox 913 2645 1029 2705; x_wconf 85' lang='lat' dir='ltr'>statum</span> <span class='ocrx_word' id='word_1_157' title='bbox 1040 2639 1105 2702; x_wconf 91' lang='lat' dir='ltr'>cle-</span> 
     </span>
     <span class='ocr_line' id='line_1_26' title="bbox 168 2740 310 2802; baseline -0.007 0"><span class='ocrx_word' id='word_1_158' title='bbox 168 2740 310 2802; x_wconf 81' lang='lat' dir='ltr'>riualem.</span> 
     </span>
    </p>

    <p class='ocr_par' dir='ltr' id='par_1_7' title="bbox 168 2833 1106 3489">
     <span class='ocr_line' id='line_1_27' title="bbox 210 2833 1105 2919; baseline -0.008 -21"><span class='ocrx_word' id='word_1_159' title='bbox 210 2838 320 2899; x_wconf 86' lang='lat' dir='ltr'>XVlll.</span> <span class='ocrx_word' id='word_1_160' title='bbox 339 2839 369 2896; x_wconf 89' lang='lat' dir='ltr'>l⁰</span> <span class='ocrx_word' id='word_1_161' title='bbox 383 2834 428 2897; x_wconf 89' lang='lat' dir='ltr'>De</span> <span class='ocrx_word' id='word_1_162' title='bbox 441 2835 601 2896; x_wconf 81' lang='lat' dir='ltr'>ructatione</span> <span class='ocrx_word' id='word_1_163' title='bbox 614 2841 704 2894; x_wconf 76' lang='lat' dir='ltr'>statio</span> <span class='ocrx_word' id='word_1_164' title='bbox 714 2835 744 2895; x_wconf 84' lang='lat' dir='ltr'>io</span> <span class='ocrx_word' id='word_1_165' title='bbox 750 2840 879 2916; x_wconf 72' lang='lat' dir='ltr'>precum.</span> <span class='ocrx_word' id='word_1_166' title='bbox 891 2836 931 2881; x_wconf 65' lang='grc' dir='ltr'>ὲ-</span> <span class='ocrx_word' id='word_1_167' title='bbox 940 2833 1105 2919; x_wconf 78' lang='lat' dir='ltr'>Olijeotum</span> 
     </span>
     <span class='ocr_line' id='line_1_28' title="bbox 169 2928 1102 3012; baseline -0.005 -18"><span class='ocrx_word' id='word_1_168' title='bbox 169 2930 349 3012; x_wconf 84' lang='lat' dir='ltr'>systematis</span> <span class='ocrx_word' id='word_1_169' title='bbox 364 2947 530 3010; x_wconf 90' lang='lat' dir='ltr'>poenarum</span> <span class='ocrx_word' id='word_1_170' title='bbox 544 2928 753 3010; x_wconf 87' lang='lat' dir='ltr'>spiritualium</span> <span class='ocrx_word' id='word_1_171' title='bbox 772 2932 932 3006; x_wconf 71' lang='lat' dir='ltr'>Ecclesia,</span> <span class='ocrx_word' id='word_1_172' title='bbox 954 2932 988 2990; x_wconf 90' lang='lat' dir='ltr'>ut</span> <span class='ocrx_word' id='word_1_173' title='bbox 1006 2929 1102 3004; x_wconf 90' lang='lat' dir='ltr'>scitis,</span> 
     </span>
     <span class='ocr_line' id='line_1_29' title="bbox 170 3026 1106 3110; baseline -0.009 -18"><span class='ocrx_word' id='word_1_174' title='bbox 170 3035 244 3093; x_wconf 89' lang='lat' dir='ltr'>sunt</span> <span class='ocrx_word' id='word_1_175' title='bbox 257 3030 453 3110; x_wconf 89' lang='lat' dir='ltr'>potissimum</span> <span class='ocrx_word' id='word_1_176' title='bbox 464 3029 538 3109; x_wconf 82' lang='lat' dir='ltr'>jura</span> <span class='ocrx_word' id='word_1_177' title='bbox 552 3030 730 3092; x_wconf 84' lang='lat' dir='ltr'>christionae</span> <span class='ocrx_word' id='word_1_178' title='bbox 746 3027 973 3094; x_wconf 89' lang='lat' dir='ltr'>communionis</span> <span class='ocrx_word' id='word_1_179' title='bbox 987 3026 1037 3086; x_wconf 84' lang='lat' dir='ltr'>vel</span> <span class='ocrx_word' id='word_1_180' title='bbox 1050 3045 1106 3104; x_wconf 81' lang='lat' dir='ltr'>ge-</span> 
     </span>
     <span class='ocr_line' id='line_1_30' title="bbox 170 3120 1105 3206; baseline -0.006 -20"><span class='ocrx_word' id='word_1_181' title='bbox 170 3125 286 3186; x_wconf 85' lang='lat' dir='ltr'>neralis</span> <span class='ocrx_word' id='word_1_182' title='bbox 300 3127 351 3186; x_wconf 89' lang='lat' dir='ltr'>vel</span> <span class='ocrx_word' id='word_1_183' title='bbox 365 3125 521 3204; x_wconf 91' lang='lat' dir='ltr'>specialis,</span> <span class='ocrx_word' id='word_1_184' title='bbox 538 3143 593 3186; x_wconf 92' lang='lat' dir='ltr'>seu</span> <span class='ocrx_word' id='word_1_185' title='bbox 605 3125 680 3206; x_wconf 85' lang='lat' dir='ltr'>jura</span> <span class='ocrx_word' id='word_1_186' title='bbox 694 3130 793 3188; x_wconf 89' lang='lat' dir='ltr'>status</span> <span class='ocrx_word' id='word_1_187' title='bbox 808 3121 968 3185; x_wconf 87' lang='lat' dir='ltr'>christiani</span> <span class='ocrx_word' id='word_1_188' title='bbox 983 3120 1034 3181; x_wconf 90' lang='lat' dir='ltr'>vel</span> <span class='ocrx_word' id='word_1_189' title='bbox 1045 3122 1105 3183; x_wconf 89' lang='lat' dir='ltr'>cle-</span> 
     </span>
     <span class='ocr_line' id='line_1_31' title="bbox 171 3218 1105 3300; baseline -0.002 -20"><span class='ocrx_word' id='word_1_190' title='bbox 171 3219 228 3280; x_wconf 86' lang='lat' dir='ltr'>rici</span> <span class='ocrx_word' id='word_1_191' title='bbox 252 3239 258 3280; x_wconf 94' lang='lat'><strong>:</strong></span> <span class='ocrx_word' id='word_1_192' title='bbox 285 3237 361 3300; x_wconf 85' lang='lat' dir='ltr'>ergo</span> <span class='ocrx_word' id='word_1_193' title='bbox 385 3219 417 3278; x_wconf 94' lang='lat' dir='ltr'>in</span> <span class='ocrx_word' id='word_1_194' title='bbox 441 3237 569 3298; x_wconf 85' lang='lat' dir='ltr'>poenam</span> <span class='ocrx_word' id='word_1_195' title='bbox 593 3219 860 3299; x_wconf 88' lang='lat' dir='ltr'>quemadmodum</span> <span class='ocrx_word' id='word_1_196' title='bbox 883 3220 1015 3296; x_wconf 90' lang='lat' dir='ltr'>possunt</span> <span class='ocrx_word' id='word_1_197' title='bbox 1036 3218 1105 3279; x_wconf 87' lang='lat' dir='ltr'>haec</span> 
     </span>
     <span class='ocr_line' id='line_1_32' title="bbox 168 3312 1106 3394; baseline -0.003 -19"><span class='ocrx_word' id='word_1_198' title='bbox 168 3315 243 3394; x_wconf 84' lang='lat' dir='ltr'>jura</span> <span class='ocrx_word' id='word_1_199' title='bbox 251 3316 301 3376; x_wconf 90' lang='lat' dir='ltr'>vel</span> <span class='ocrx_word' id='word_1_200' title='bbox 313 3315 461 3393; x_wconf 89' lang='lat' dir='ltr'>suspendi</span> <span class='ocrx_word' id='word_1_201' title='bbox 473 3314 578 3394; x_wconf 87' lang='lat' dir='ltr'>quoad</span> <span class='ocrx_word' id='word_1_202' title='bbox 589 3315 783 3390; x_wconf 85' lang='lat' dir='ltr'>exercitium,</span> <span class='ocrx_word' id='word_1_203' title='bbox 794 3313 843 3375; x_wconf 88' lang='lat' dir='ltr'>vel</span> <span class='ocrx_word' id='word_1_204' title='bbox 853 3312 931 3389; x_wconf 85' lang='lat' dir='ltr'>tolli,</span> <span class='ocrx_word' id='word_1_205' title='bbox 941 3313 991 3374; x_wconf 90' lang='lat' dir='ltr'>vel</span> <span class='ocrx_word' id='word_1_206' title='bbox 1001 3313 1106 3374; x_wconf 89' lang='lat' dir='ltr'>omnia</span> 
     </span>
     <span class='ocr_line' id='line_1_33' title="bbox 171 3407 1106 3489; baseline -0.002 -21"><span class='ocrx_word' id='word_1_207' title='bbox 171 3409 321 3487; x_wconf 90' lang='lat' dir='ltr'>suspendi</span> <span class='ocrx_word' id='word_1_208' title='bbox 338 3414 368 3472; x_wconf 88' lang='lat' dir='ltr'>ct</span> <span class='ocrx_word' id='word_1_209' title='bbox 382 3411 447 3472; x_wconf 91' lang='lat' dir='ltr'>tolli</span> <span class='ocrx_word' id='word_1_210' title='bbox 463 3410 513 3472; x_wconf 88' lang='lat' dir='ltr'>vel</span> <span class='ocrx_word' id='word_1_211' title='bbox 528 3412 559 3471; x_wconf 93' lang='lat' dir='ltr'>in</span> <span class='ocrx_word' id='word_1_212' title='bbox 574 3412 709 3489; x_wconf 87' lang='lat' dir='ltr'>partem,</span> <span class='ocrx_word' id='word_1_213' title='bbox 729 3414 872 3487; x_wconf 89' lang='lat' dir='ltr'>tempore</span> <span class='ocrx_word' id='word_1_214' title='bbox 887 3409 937 3469; x_wconf 88' lang='lat' dir='ltr'>vel</span> <span class='ocrx_word' id='word_1_215' title='bbox 957 3407 1106 3470; x_wconf 89' lang='lat' dir='ltr'>determi-</span> 
     </span>
    </p>
   </div>
   <div class='ocr_carea' id='block_1_3' title="bbox 174 3503 1105 3654">
    <p class='ocr_par' dir='ltr' id='par_1_8' title="bbox 174 3503 1105 3654">
     <span class='ocr_line' id='line_1_34' title="bbox 174 3503 1105 3584; baseline -0.003 -22"><span class='ocrx_word' id='word_1_216' title='bbox 174 3507 246 3566; x_wconf 88' lang='lat' dir='ltr'>nato</span> <span class='ocrx_word' id='word_1_217' title='bbox 267 3505 317 3566; x_wconf 89' lang='lat' dir='ltr'>vel</span> <span class='ocrx_word' id='word_1_218' title='bbox 340 3505 580 3568; x_wconf 88' lang='lat' dir='ltr'>indeterminato</span> <span class='ocrx_word' id='word_1_219' title='bbox 603 3505 653 3568; x_wconf 80' lang='lat' dir='ltr'>vel</span> <span class='ocrx_word' id='word_1_220' title='bbox 677 3504 772 3568; x_wconf 92' lang='lat' dir='ltr'>etiam</span> <span class='ocrx_word' id='word_1_221' title='bbox 795 3511 959 3584; x_wconf 88' lang='lat' dir='ltr'>perpetuo,</span> <span class='ocrx_word' id='word_1_222' title='bbox 985 3503 1029 3564; x_wconf 90' lang='lat' dir='ltr'>ita</span> <span class='ocrx_word' id='word_1_223' title='bbox 1052 3519 1105 3561; x_wconf 87' lang='lat' dir='ltr'>ex-</span> 
     </span>
     <span class='ocr_line' id='line_1_35' title="bbox 987 3601 1017 3654; baseline 0 -27"><span class='ocrx_word' id='word_1_224' title='bbox 987 3601 1017 3654; x_wconf 73' lang='lat'>7*</span> 
     </span>
    </p>
   </div>
   <div class='ocr_carea' id='block_1_4' title="bbox 0 0 1256 4024">
    <p class='ocr_par' dir='ltr' id='par_1_9' title="bbox 0 0 1256 4024">
     <span class='ocr_line' id='line_1_36' title="bbox 0 0 1256 4024; baseline 0 1"><span class='ocrx_word' id='word_1_225' title='bbox 0 0 1256 4024; x_wconf 95' lang='lat' dir='ltr'> </span> 
     </span>
    </p>
   </div>
  </div>
 </body>
</html>
