2476 4022
195 237 233 296 26
307 307 310 314 Ι
405 247 632 295 rusnrurronns
653 250 735 295 runis
757 249 913 296 cruorum.

196 393 318 474 possint
331 391 456 472 quinon
467 391 934 470 babentpatriampotestatem.
948 393 1128 454 Dominium

193 488 274 569 juris
289 487 431 566 gentium
444 487 541 549 vineit
551 486 604 567 jus
615 487 724 566 patrie
739 487 902 566 potestatis
916 505 1083 550 servorum
1095 489 1128 548 in

152 629 155 634 -
195 585 321 645 liberos.
338 583 432 644 Aliud
446 588 494 646 est
506 602 526 643 a
541 587 654 644 natura
667 583 829 661 prohiberi
842 584 1010 664 quominus
1024 583 1129 644 exolu-

196 681 238 741 sis
257 679 450 758 parentibus,
471 680 550 740 alius
571 695 639 738 sese
659 678 837 740 educationi
855 678 992 739 filiorum
1008 678 1131 738 immis-

197 782 281 850 ceat;
298 777 408 838 saltem
423 777 454 836 in
470 776 564 837 dubio
580 775 730 853 praevalet
739 775 829 837 favor
838 775 923 837 fidei.
936 777 1033 836 Gasus
1049 775 1129 838 avioe

196 878 334 954 peternae
350 875 459 934 eontra
472 871 647 933 dissensum
660 871 758 951 patris
773 889 834 932 non
850 873 897 933 est
907 869 1066 932 definitus.

484 1049 496 1096 5
511 1043 545 1088 11.
559 1057 587 1090 nr
604 1055 711 1092 rurore
726 1055 755 1088 rr
770 1056 833 1090 noro.

238 1153 466 1216 ultroneae
481 1155 637 1216 nascentis
656 1155 796 1234 exordio,
818 1156 898 1217 sieut
918 1155 1023 1216 nullus
1040 1151 1132 1215 insti·

197 1251 283 1311 tutus
304 1251 372 1309 erat
392 1249 670 1310 catechumenatus
693 1251 780 1317 velut
802 1249 963 1331 dispositio
988 1250 1028 1310 ad
1050 1248 1132 1327 bap-

197 1344 301 1419 tisma,
323 1343 380 1404 sed
402 1361 511 1405 omnes
534 1344 587 1424 qui
610 1344 685 1406 fidei
704 1347 736 1406 et
755 1343 947 1426 poenitentiae
969 1344 1133 1406 dedissent

197 1439 313 1514 indioia
327 1437 368 1499 ad
381 1438 538 1518 baptisma
551 1439 808 1518 admittebantur,
824 1441 868 1503 ite
887 1444 919 1502 et
937 1441 1057 1501 nullum
1077 1438 1131 1498 de·

198 1532 400 1596 terminatum
421 1537 488 1595 eret
508 1537 641 1612 tempus,
658 1535 756 1610 loeus,
777 1534 867 1610 ritus,
888 1550 950 1614 quo
971 1531 1132 1610 baptisma

199 1628 403 1702 conterretur,
416 1627 585 1692 dummodo
596 1647 634 1690 ee
644 1635 846 1690 servarentur
855 1645 925 1708 quae
936 1625 1009 1708 jure
1021 1625 1130 1688 divino

199 1723 239 1785 ed
253 1723 441 1786 sacrementi
451 1725 590 1786 valorem
601 1727 691 1786 erant
703 1723 864 1803 requisita.
876 1726 917 1786 At
926 1740 1001 1784 vero
1015 1721 1131 1782 istboee

199 1815 303 1897 praxis
325 1831 394 1895 quae
416 1815 503 1878 initio
524 1817 656 1878 invaluit
677 1820 829 1896 tanquam
850 1815 958 1895 primae
980 1813 1130 1876 Eoelesiae

199 1911 373 1976 fundationi
388 1912 728 1990 aeeommodedssime‚
744 1911 957 1991 respondebat
970 1909 1054 1972 enim
1073 1927 1131 1989 ap·

198 2009 298 2091 prime
326 2005 570 2086 singularissimo
596 2008 650 2069 illo
677 2010 708 2069 et
735 2004 983 2068 extraordinario
1012 2003 1129 2066 divinae

198 2101 403 2184 providentia
413 2101 543 2164 intluxui
552 2121 615 2184 qua
623 2101 933 2164 Eeelesiaoelerrime
941 2102 1131 2178 eretpropa·
1176 2145 1196 2156 ..

198 2197 314 2278 gande,
331 2198 396 2260 sive
410 2203 445 2260 ut
459 2217 553 2280 quam
567 2200 657 2262 eitius
671 2198 740 2260 fleri
753 2201 888 2277 poterat,
904 2195 997 2258 saluti
1010 2194 1130 2256 anima·

198 2313 269 2357 rum
283 2300 508 2374 sucurreretur,
525 2297 590 2359 sive
605 2300 639 2358 ut
653 2313 748 2375 quam
762 2294 894 2356 celerius
911 2292 980 2352 fieri
992 2295 1128 2370 poterat,

199 2394 331 2456 societas
351 2394 420 2455 boeo
440 2395 593 2456 catholiea
613 2393 816 2467 fundaretur3
838 2390 893 2453 sed
912 2390 980 2451 visa
999 2405 1062 2450 non
1083 2392 1130 2449 est

199 2492 345 2554 Eooleeiae
360 2493 494 2570 amplius
507 2493 743 2557 accommodate
757 2492 883 2573 quando
897 2491 967 2570 ipsa
977 2488 1045 2570 jam
1059 2487 1131 2549 fun-

200 2587 412 2648 datasooietes
419 2587 486 2651 fuit.
496 2591 629 2651 Proinde
637 2593 767 2668 excepto
779 2587 971 2650 neeeseitatis
982 2601 1057 2646 easu
1067 2601 1128 2665 quo

200 2681 339 2744 Eoelesia
360 2684 537 2748 considerat
558 2685 644 2748 velut
665 2686 860 2765 aptissimam
882 2683 969 2745 illam
992 2681 1129 2761 discipli·

200 2795 274 2840 nam
288 2795 358 2860 quoe
373 2779 410 2840 iis
421 2786 567 2844 contenta
578 2801 647 2863 quea
656 2783 697 2846 ad
708 2785 785 2847 ritus
796 2781 964 2844 essentiam
974 2781 1126 2858 spectent,

201 2879 315 2938 oaetera
328 2893 390 2936 non
405 2879 546 2959 requirit,
557 2880 590 2940 in
599 2880 749 2942 ordinaria
763 2879 856 2960 hujus
870 2876 1059 2940 saoramenti
1073 2875 1129 2936 ad·

200 2971 426 3035 ministratione
446 2975 539 3054 plura
558 2977 696 3040 decrevit
717 2996 787 3058 quae
808 2977 850 3039 ad
870 2975 1019 3037 decoram
1036 2969 1128 3054 hujus

200 3073 389 3137 sacramenti
408 3073 720 3156 administrationem,
736 3077 777 3139 ad
797 3076 873 3138 fidei
890 3091 955 3137 euae
975 3073 1128 3154 signifiea-

199 3170 328 3248 tionem,
345 3172 385 3232 ed
399 3171 540 3236 fidelium
553 3175 747 3256 spiritualem
766 3176 920 3239 culturam
939 3172 1061 3236 eensmt
1077 3187 1127 3252 op·

115 3317 118 3326 .
243 3272 346 3330 rtuna.

200 3287 308 3430 poNon
323 3371 457 3450 amplius
471 3369 632 3451 quodlibet
650 3370 767 3431 flumen
786 3368 871 3451 quod
889 3369 969 3432 torte
988 3385 1126 3432 occurre·

200 3467 259 3541 ret,
276 3465 334 3530 tuit
350 3466 449 3547 loeus,
467 3485 529 3530 non
548 3467 681 3549 emplius
697 3469 827 3551 quilibet
840 3467 908 3530 dies
922 3465 980 3529 tuit
992 3470 1123 3546 tempus,
