2504 4024
175 269 232 330 ssfi
385 281 611 328 Irosrtrorlotttos
630 281 712 326 JURIS
735 278 891 326 CANONIGI.

216 430 298 508 Ergo
313 427 483 490 necessitas
499 426 594 506 exigit
607 429 642 488 ut
655 445 757 506 pauca
778 427 817 488 de
839 428 898 488 hac
918 427 1108 508 quaestione,

174 543 230 586 seu
244 523 283 584 de
297 523 448 586 limitibus
461 522 623 602 utriusque
637 523 800 603 potestatis
815 523 874 585 heo
888 524 920 585 in
939 543 973 586 re
991 525 1111 605 loqua-

174 638 255 680 mur.

185 768 219 813 ll.
235 767 267 814 De
277 769 381 814 limitibus
393 772 505 826 utriusque
516 771 627 825 potestatis
639 771 708 815 civilis
716 776 738 816 ot
750 771 897 818 aeclesiastica
908 774 930 818 tn
942 773 1089 820 matrimonio.

377 881 410 924 Dc
421 882 525 925 limitibus
534 882 646 938 utriusque
650 882 768 936 potestott'u
776 882 799 925 in
811 893 897 937 ponere.

213 997 264 1058 lX.
295 997 392 1056 Nemo
421 995 552 1058 fortasse
575 997 698 1076 estqui
723 995 846 1058 dubitet
868 995 1109 1058 matrimonium

174 1090 332 1170 objectum
346 1108 413 1152 esse
429 1091 494 1152 aiva
510 1091 728 1153 ecclesiastieae
743 1092 809 1152 sive
823 1090 923 1152 civilis
937 1091 1108 1152 auotorita-

173 1185 223 1246 tis.
241 1185 475 1248 Matrimonium
490 1186 583 1263 enim,
600 1191 635 1249 ut
654 1187 698 1248 eit
719 1189 751 1250 S.
775 1187 912 1248 Thomas
933 1187 977 1266 (in
996 1186 1102 1265 suppl.

174 1300 204 1360 q.
221 1284 271 1343 50.
289 1285 538 1358 contradentes,
554 1281 608 1343 lih.
626 1285 679 1360 IV,
696 1301 723 1343 o.
747 1282 876 1362 nxxvnr)
898 1282 930 1342 in
951 1288 1107 1362 quantum

172 1384 219 1442 est
234 1380 372 1442 officium
387 1387 519 1454 naturae,
537 1382 684 1444 statuitur
701 1381 771 1462 lega
793 1385 925 1457 naturae,
948 1381 980 1442 in
1004 1398 1108 1460 quan-

172 1483 240 1540 tum
255 1482 302 1539 est
320 1482 564 1550 sacramentum,
579 1478 728 1539 statuitur
743 1477 816 1558 jure
838 1477 956 1554 divino,
977 1483 1009 1538 et
1029 1476 1108 1538 sun

168 1574 253 1652 jacet
267 1573 413 1651 regimini
427 1572 646 1649 ecclesiastico,
655 1573 689 1633 in
700 1577 854 1652 quantum
864 1577 911 1635 est
920 1575 953 1634 in
963 1572 1106 1633 officium

172 1664 414 1742 communitatis,
444 1683 499 1725 seu
521 1666 685 1727 ordinatur
715 1664 746 1725 in
776 1666 894 1728 bonum
924 1666 1103 1745 politicum,

172 1760 320 1822 statuitur
332 1761 402 1841 lege
417 1759 512 1822 civili.

210 1858 252 1917 At
265 1873 351 1933 vero,
367 1856 441 1918 licet
455 1857 506 1917 hic
517 1856 630 1934 triplex
639 1857 679 1919 sit
687 1862 849 1935 respectus
860 1857 1053 1920 matrimonii
1063 1858 1107 1918 ad

172 1953 327 2030 triplicem
341 1952 583 2032 legislationem,
595 1953 708 2032 triplex
722 1954 959 2035 matrimonium
970 1971 1034 2015 non
1045 1958 1106 2031 est,

171 2046 227 2106 sed
243 2063 351 2107 unum.
368 2047 448 2108 Illud
464 2047 548 2107 enim
564 2047 669 2126 ipsum
692 2054 725 2108 ut
739 2047 891 2109 naturalis
910 2052 1105 2123 contractus,

172 2160 227 2204 seu
242 2141 296 2204 illa
309 2129 456 2226 sociatas„
465 2144 616 2204 naturalis
630 2162 700 2223 quea
715 2161 735 2204 a
748 2146 813 2206 Deo
828 2144 970 2206 instituta
983 2150 1043 2220 ast,
1064 2147 1107 2206 ad

171 2239 291 2299 bonum
300 2239 465 2320 publicum
475 2240 619 2301 ordinata
630 2247 677 2302 est
687 2242 813 2319 quando
829 2242 971 2303 homines
981 2242 1107 2322 inpoli-

171 2335 267 2396 ticam
277 2337 460 2398 societatem
471 2337 666 2413 coaluerunt,
679 2341 710 2398 et
720 2337 759 2397 ad
771 2337 960 2398 sacramenti
971 2337 1107 2415 dignita·

170 2439 234 2492 tem
254 2431 377 2494 elevata
396 2438 443 2492 est
463 2433 588 2512 quando
603 2433 637 2494 in
650 2433 844 2512 plenitudine
861 2437 1041 2512 temporum
1060 2435 1105 2494 sic

172 2526 293 2585 Christo
310 2527 429 2604 placuit
442 2528 563 2589 mederi
574 2528 737 2590 hominum
747 2533 878 2591 naturae.
891 2531 974 2608 Ergo
985 2547 1045 2590 nec
1055 2547 1105 2590 eo-

171 2619 355 2697 clesiastica,
372 2640 430 2682 nec
445 2623 572 2700 politica
590 2630 728 2702 potestas
749 2629 835 2687 creat
856 2643 973 2686 novum
993 2627 1105 2686 matri-

170 2711 311 2772 monium
325 2714 376 2774 vel
391 2716 638 2778 ecclesiasticum
652 2719 703 2779 vel
717 2720 819 2797 civile,
836 2720 892 2780 sed
906 2719 991 2780 idern
1010 2723 1104 2782 uatu-

170 2807 235 2868 rala
250 2809 483 2870 matrimonium
491 2811 524 2872 in
534 2830 626 2874 suunt
636 2815 846 2892 respectivum
856 2817 953 2876 linem
963 2817 1100 2893 ordinat,

170 2906 201 2964 et
215 2903 408 2966 moderatur.

209 3001 287 3064 Cum
301 3005 406 3064 autam
421 3004 527 3064 omnia
541 3022 611 3083 quae
625 3023 645 3066 a
659 3008 723 3066 Deo
740 3011 823 3084 sunt,
840 3008 987 3070 ordinata
1006 3015 1100 3070 sunt:

169 3099 274 3158 omnia
288 3100 372 3160 enim
384 3099 417 3160 in
432 3100 585 3178 sapientia
598 3101 672 3162 fecit
686 3104 780 3180 Deus,
798 3107 828 3167 et
843 3092 976 3184 utraque
996 3109 1103 3183 potes·

166 3198 225 3268 tas,
242 3195 322 3256 sicut
337 3198 436 3256 Deum
449 3195 667 3258 immediatum
686 3197 781 3260 habet
802 3203 975 3276 auctorem,
1001 3201 1048 3263 ita
1070 3205 1104 3261 et

167 3289 271 3348 divino
283 3289 366 3368 jure,
383 3293 415 3352 in
431 3310 522 3354 suum
537 3294 632 3371 finem
651 3295 844 3373 moderatur,
869 3315 940 3378 quae
960 3298 1004 3358 illi
1028 3316 1103 3376 sup·

167 3382 269 3458 posita
301 3388 389 3461 sunl,
413 3385 527 3447 limites
549 3387 617 3465 ipso
638 3386 710 3466 jure
732 3389 837 3452 divino
861 3392 999 3471 impositi
1026 3395 1103 3452 sunt

165 3476 326 3554 quaerendi
341 3480 376 3538 ut
390 3482 668 3558 comprovinciam
680 3483 741 3554 sihi
753 3503 879 3565 quoquc
894 3488 926 3546 in
938 3487 1104 3549 matrimo-
