2476 4022
147 242 185 306 24
358 252 586 307 insr1rurronds
607 259 689 306 iners
711 249 867 305 cenerici.

148 402 278 468 tendum
292 401 318 462 si
332 400 460 463 salutari
474 419 557 482 eque
570 404 666 479 ceput
679 400 806 461 infantis
819 399 952 460 tinctum
972 398 1075 478 fuerit,

149 500 207 560 sub
226 498 404 560 conditione
422 504 528 561 tomen
546 497 805 577 rebaptizandum
827 513 924 575 quum
944 512 1009 556 non
1030 514 1079 558 ca·

148 598 216 674 put,
229 594 285 655 sed
300 595 451 674 qnoelibet
463 595 526 656 elia
535 593 675 675 eorporis
687 609 760 672 pers
771 608 854 670 equa
867 589 1078 671 perfunditur.

150 693 247 756 Addit
268 695 299 756 S.
317 695 375 755 rh.
397 697 428 754 3ι
447 697 536 774 parte
555 711 608 774 qu.
625 695 674 754 68.
692 693 749 751 art.
771 693 801 750 2.
823 689 863 750 ed
881 692 931 749 ΡΝ
952 689 1029 768 qnia
1049 690 1080 749 in

152 789 238 850 nulla
252 788 441 850 exteriorum
455 789 592 869 partium
609 786 773 864 integritas
793 784 864 844 vitae
883 783 1025 845 consistit
1043 783 1082 844 si·

153 889 206 946 cut
219 883 250 944 in
264 883 377 962 eapite.
394 885 501 952 Manet
514 885 619 945 tamen
634 881 715 942 inter
729 879 905 957 Theologos
924 878 1082 958 opinabile

152 997 191 1038 un
205 986 293 1058 ceput
305 977 356 1036 hie
370 981 513 1038 sumatur
522 977 690 1053 restrictius,
702 974 752 1037 vel
766 973 1012 1035 demonstrative
1026 991 1083 1036 seu

153 1070 287 1148 exempli
311 1087 407 1138 causa
433 1070 474 1131 ad
496 1069 697 1130 indicandam
720 1070 842 1145 purtem
863 1065 1082 1146 principalem,

153 1165 199 1226 uti
219 1164 376 1240 humeros,
396 1163 552 1243 scopulus,
576 1167 697 1241 pectus,
719 1159 850 1222 brachia
869 1159 911 1221 ad
931 1159 1083 1244 exclusio-

153 1277 225 1322 nem
239 1259 332 1319 unius
347 1260 396 1320 vel
411 1259 538 1320 alterius
553 1258 652 1337 digiti,
669 1257 718 1318 vel
733 1273 844 1316 manus
859 1255 965 1318 etiem.

194 1357 244 1417 Vl.
262 1357 336 1416 Haec
349 1354 506 1433 pertinent
519 1354 559 1416 ed
577 1354 712 1415 infantes
732 1369 795 1413 non
816 1355 906 1414 natos
929 1371 936 1412 :
960 1370 1001 1413 an
1022 1353 1086 1416 sint

152 1450 295 1532 subjecte
309 1450 422 1512 idonee
436 1451 633 1530 baptismatis
646 1448 828 1528 recipiendi.
844 1451 886 1510 At
904 1447 1009 1529 quoad
1027 1467 1085 1510 ne·

145 1549 201 1608 'tos
216 1545 310 1608 etium
324 1563 438 1623 pueros
449 1545 586 1606 maxime
597 1544 729 1624 quaestio
739 1544 858 1624 agitata
867 1546 965 1605 estun
974 1560 1085 1606 omncs

151 1640 261 1702 liceret
279 1639 320 1700 ed
338 1640 529 1718 baptismum
548 1640 725 1702 admittere.
742 1638 912 1712 Quaestioni
930 1639 1086 1719 originem

154 1735 241 1796 dedit
250 1735 336 1796 zelus
350 1736 570 1798 nonnullorum
584 1735 637 1816 qui
651 1734 824 1796 infidelium
837 1733 928 1812 filios,
944 1735 1085 1796 nescien-

154 1831 237 1894 tibus
252 1835 284 1894 et
297 1830 465 1911 aliquando
480 1831 766 1894 contradicentibus
783 1830 977 1910 parentibus,
994 1835 1086 1908 opta-

154 1929 228 1987 runt
250 1925 422 2005 baptizare,
445 1934 477 1987 et
497 1927 667 2006 aliquando
688 1929 816 2006 proprio
838 1925 960 2005 spiritui
981 1926 1086 1988 indul-

154 2026 264 2102 gentes
278 2020 488 2099 baptizarunt.
505 2022 600 2082 Plure
618 2021 657 2082 de
675 2022 735 2080 hac
753 2021 924 2100 quastione
938 2019 1087 2094 tractavit

155 2121 187 2178 et
206 2114 355 2177 enodavit
372 2117 561 2179 Benedictus
579 2119 648 2181 xlv
663 2116 721 2178 snb
736 2115 1008 2177 constitutionibus
1023 2132 1084 2194 que

155 2216 288 2291 exstant,
305 2214 404 2275 alteru
422 2222 455 2274 n⁰
478 2217 527 2277 54.
551 2218 626 2276 tom.
650 2216 680 2291 3,
704 2213 804 2274 altera
824 2222 858 2273 n⁰
878 2215 928 2274 58.
952 2217 1028 2274 tom.
1051 2215 1082 2274 2.

154 2309 281 2372 Bullarii
297 2296 448 2389 ejusdem.

170 2455 172 2460 ,
195 2407 298 2478 Quum
310 2406 413 2466 infans
427 2425 466 2467 ex
479 2405 633 2467 naturain
648 2407 813 2486 parentum
827 2407 982 2484 potestate
996 2419 1085 2465 cons·
1112 2465 1117 2472 ,

155 2503 297 2578 tituatur,
314 2502 386 2563 inde
405 2505 504 2566 voluit
522 2505 661 2568 Ecclesia
683 2508 717 2566 ut
734 2504 775 2565 ab
794 2503 869 2584 ipsis
889 2504 1084 2583 parentibus,

140 2601 206 2662 rel
229 2599 269 2667 ab
291 2599 329 2660 iis
351 2600 385 2662 in
408 2617 542 2680 quorum
565 2606 719 2680 potestate
743 2606 843 2678 erent,
866 2602 907 2663 ad
929 2600 1087 2679 baptismo

156 2695 330 2755 offerretur.
347 2695 429 2755 Nihil
444 2712 519 2775 ergo
534 2695 693 2777 antiquius
706 2696 847 2758 Ecclesia
866 2694 923 2757 tuit
941 2712 1037 2775 quam
1051 2699 1087 2755 ut

155 2788 328 2850 infidelium
342 2791 424 2852 filios
437 2791 542 2854 invitis
555 2793 738 2872 perentibus
754 2810 817 2854 non
830 2792 1018 2871 baptizeret3
1036 2790 1086 2852 cui

157 2883 336 2966 discipline,
345 2891 464 2966 proeter
477 2887 632 2950 rationem
646 2905 742 2969 quem
762 2891 855 2950 antea
868 2887 1039 2966 posuimus,
1056 2889 1088 2948 et

96 3028 99 3032 -
156 2983 218 3046 alia
237 2985 439 3065 suffragatur,
463 2985 619 3064 videlicet,
642 3003 681 3045 ne
705 2986 839 3046 intentes
859 2983 904 3046 sic
923 2982 1085 3062 baptizati,

91 3162 94 3167 .
156 3081 255 3143 adulti
270 3100 368 3162 quum
381 3082 508 3162 fuerint,
524 3085 564 3145 oh
578 3086 745 3164 parentum
760 3099 900 3144 amorem
919 3079 1086 3144 iterumad

156 3177 374 3242 infidelitatem
402 3185 634 3246 convertantur.
666 3181 756 3243 Unde
790 3199 862 3243 cum
899 3183 931 3242 S.
968 3180 1026 3240 rh.
1056 3178 1087 3237 in

157 3276 288 3352 2·parte
304 3293 357 3355 qu.
374 3279 423 3338 68.
439 3279 512 3355 ert,
523 3276 750 3356 distinguimus
769 3293 809 3364 an
827 3274 922 3356 hujus
939 3272 1026 3335 modi
1041 3272 1088 3333 in-

157 3371 259 3434 ientes
280 3371 453 3436 infidelium
473 3377 611 3440 habeant
631 3393 723 3458 usum
743 3375 884 3454 rationis,
906 3391 963 3434 nee
984 3391 1033 3434 ne.
1056 3371 1087 3434 Si

158 3471 300 3536 nondum
311 3470 429 3536 habent
440 3493 530 3536 usum
538 3475 627 3538 liberi
636 3475 767 3554 arbitrii,
783 3474 956 3538 secundum
966 3473 1019 3554 jus
1032 3487 1088 3534 ns·
