2504 4024
386 313 425 356 na
446 311 574 358 onrnoro
593 313 676 359 rums
698 312 851 361 canorum.
1030 305 1085 364 157

154 457 214 519 sed
241 454 394 536 paulatim
426 454 619 531 reducebant
644 456 872 538 legislationem
900 458 1023 522 oivilem
1046 461 1086 522 ad

154 553 310 634 principia
334 552 414 632 juris
441 551 603 628 eanoniei,
628 553 825 630 prohibendo
849 554 982 618 divortia
1003 558 1087 620 bona

153 647 269 729 gratia,
286 646 335 708 vel
349 645 411 706 alia
424 662 529 708 eausa.
547 646 714 724 Nunquam
735 645 969 709 adstrinxerunt
983 649 1087 710 Chris-

154 742 259 802 tianos
274 740 313 800 ad
329 754 381 801 eas
394 740 491 820 lagae,
508 741 540 800 et
553 739 580 799 ei
593 737 631 798 iis
646 737 901 802 obsecundarunt
913 739 1083 818 christiani,

154 836 297 898 Eoolesia
308 836 433 898 illorum
447 833 659 912 matrimonia,
671 838 741 914 post
755 834 900 912 divortia,
915 834 1002 897 irrita
1016 839 1087 897 reti-

155 934 236 996 nuit.

195 1033 229 1090 2⁰
239 1031 345 1091 Potest
357 1027 530 1088 invalidare
545 1025 673 1090 valida?
715 1027 717 1032 '

197 1128 233 1186 R.
257 1124 412 1205 negativa.
433 1123 507 1186 ideo
526 1127 650 1203 poterat
668 1124 813 1204 princeps
833 1125 907 1204 quia
927 1127 1009 1186 Deus
1028 1125 1086 1186 sihi

110 1287 116 1299 ,
155 1242 220 1285 non
233 1224 450 1283 reservaverat
464 1223 537 1282 ante
552 1220 699 1282 Eoolesiae
714 1219 939 1282 fundationem.
954 1224 1029 1284 Erat
1034 1222 1086 1302 jus

155 1318 413 1398 hypotheticum
437 1316 578 1379 ablatum
598 1321 656 1378 est.
673 1317 756 1396 Ergo
775 1317 860 1395 quod
880 1323 937 1393 est,
953 1335 1016 1379 non
1030 1337 1088 1398 po-

155 1416 216 1475 test
236 1413 340 1473 faeere
363 1411 448 1492 quod
470 1428 532 1471 non
554 1411 604 1472 sit.
628 1412 692 1471 Nee
712 1413 815 1488 potest
835 1411 981 1492 princeps
1001 1412 1088 1492 leges

155 1509 259 1570 faeere
275 1509 314 1568 de
328 1507 544 1570 sacramentis.
562 1507 652 1568 Ratio
668 1506 804 1568 debono
822 1505 975 1569 individui
993 1507 1024 1568 in
1040 1523 1088 1567 or-

155 1604 228 1664 dine
244 1603 285 1664 ad
299 1604 418 1665 bonum
432 1619 599 1664 commune
614 1620 676 1664 non
692 1606 793 1681 potest
807 1603 911 1665 afferri
929 1621 986 1684 pro
996 1604 1088 1684 ‘prin-

156 1699 224 1777 eipe
239 1700 348 1759 eontra
361 1695 544 1773 Ecclesiam,
562 1696 636 1776 quia
655 1695 800 1760 laedendo
821 1697 916 1758 finem
937 1716 1089 1777 superna-

155 1794 301 1869 turalem,
317 1792 441 1854 laeditur
455 1792 603 1854 universa
616 1797 740 1854 natura.

196 1887 267 1968 Obj.
300 1887 363 1949 Sed
387 1890 490 1966 potest
523 1886 651 1964 irritari,
685 1891 880 1950 contractum
911 1889 1087 1950 naturalem

156 1981 390 2062 praveniando.

195 2081 232 2140 R.
250 2077 331 2150 Quid
346 2082 394 2138 est
411 2077 615 2140 eontraetus?
633 2079 873 2140 Saoramentum
894 2097 900 2138 :
924 2097 998 2160 ergo
1018 2079 1089 2139 irri-

156 2176 251 2237 tando
264 2177 472 2251 contractum,
487 2173 626 2236 irritaret
638 2182 851 2234 sacromentum
865 2173 984 2236 directo.
1001 2177 1088 2236 lnsu·

157 2288 211 2348 per
224 2268 339 2330 falsum
353 2272 400 2330 est
416 2268 624 2347 suppositum,
646 2267 720 2350 quia
734 2267 970 2329 matrimonium
985 2267 1089 2328 eleva-

157 2370 222 2426 tum
246 2365 288 2426 ad
311 2368 542 2426 sacramentum
564 2369 610 2427 est
632 2367 810 2426 eontraotus
831 2362 1047 2442 independens
1069 2382 1089 2424 a
1192 2401 1195 2408 «

157 2461 266 2541 quavis
281 2460 364 2522 oivili
380 2461 651 2522 determinatione.
686 2489 688 2494 ·

194 2563 226 2622 3ο
240 2560 289 2620 Nil
304 2563 409 2638 potest
422 2559 454 2619 in
469 2561 571 2620 causis
586 2559 809 2637 dissolutionis,
821 2577 876 2620 seu
888 2559 920 2619 in
931 2559 1033 2620 causis
1049 2558 1088 2619 de

156 2659 280 2721 vinoulo
295 2659 346 2719 vel
361 2657 400 2720 da
415 2657 517 2720 offioio
532 2657 702 2739 nonjugeli.

193 2755 275 2817 xvl.
300 2753 378 2828 Quid
394 2763 489 2832 potest
509 2754 653 2834 positive?
675 2758 706 2816 {⁰
727 2755 819 2817 Salvo
839 2754 1038 2818 matrimonio
1058 2757 1089 2816 et

156 2851 364 2926 sacramento,
387 2852 491 2927 potest
514 2849 649 2930 dirigere
672 2849 907 2912 matrimonium
930 2849 970 2910 ad
993 2851 1088 2910 finem

156 2943 295 3007 utilitatis
314 2961 379 3007 snae
398 2944 566 3023 societatis,
583 2946 817 3026 praesoribendo
839 2945 1032 3006 conditiones
1047 2945 1087 3004 ad

156 3041 293 3119 effeetus
307 3040 425 3117 culleo,
447 3059 504 3102 seu
528 3060 567 3104 ne
590 3043 791 3106 matrimonia
813 3043 891 3101 fiant
912 3041 979 3100 aine
1003 3045 1089 3100 oerta

156 3134 333 3196 conditione
362 3134 494 3197 civiliter
520 3135 723 3215 praecripta,
760 3138 791 3196 et
818 3133 978 3194 sanatione
1006 3131 1089 3194 eivili

157 3230 306 3309 (mulotes,
324 3230 440 3310 poena)
456 3250 518 3294 non
534 3232 688 3295 irritante.

193 3328 258 3388 Sed
273 3327 387 3406 poterit
401 3328 471 3389 haee
490 3331 608 3390 sanatio
629 3325 728 3389 civilis
748 3343 811 3387 non
831 3325 958 3387 irritans
982 3325 1088 3406 conju·
1182 3339 1185 3346 ·

155 3423 251 3501 glana
268 3423 391 3486 irritare
405 3424 489 3484 illius
504 3425 633 3485 effeetus
651 3421 757 3483 civiles
767 3421 782 3482 l
794 3423 850 3482 Ex.
867 3439 915 3500 gr.
933 3421 972 3483 de
987 3422 1089 3500 legiti-

157 3519 284 3580 mitate?
436 3531 439 3536 '
