2530 4016
185 323 244 382 336
393 329 626 378 msmrurrouas
646 329 729 374 aunis
752 329 907 376 canorum.

186 481 235 543 vel
250 476 374 540 mobilis
389 476 535 555 praetiosa
549 474 630 534 toret
640 471 854 549 distrahenda,
869 471 902 532 in
912 473 1035 551 synodo
1045 493 1116 555 pro

186 576 296 638 tinctae
313 574 351 635 de
361 571 550 635 alienatione
562 571 796 632 decerneretur.
808 571 942 631 Domum
955 587 1029 631 cum
1038 570 1118 634 forte

186 670 300 750 synodi
311 669 483 731 evasissent
492 666 638 743 rariores,
651 683 689 726 ea
699 665 757 727 fuit
766 666 897 727 inducta
906 665 1074 746 disciplina
1086 672 1120 729 ut

187 767 334 830 alienatio
349 765 443 826 totius
458 763 533 824 cleri
551 779 705 823 consensu
723 763 755 822 et
776 759 1004 838 subscriptione
1024 765 1118 838 atque

186 862 333 943 Episcopi
347 860 533 922 auctoritate
549 858 770 920 celebraretur.
792 857 870 918 Gau.
886 859 937 933 52,
957 859 1009 932 53,
1031 859 1117 916 caus·

188 964 238 1037 lt,
254 963 283 1036 9,
300 963 329 1018 2.
456 954 462 964 '
982 1023 984 1028 ,

227 1059 304 1120 (lum
318 1071 393 1117 vero
408 1052 502 1115 hodie
517 1051 650 1130 collegia
663 1069 719 1110 seu
735 1047 872 1129 capitula
895 1047 1120 1109 canonicorum

188 1153 272 1212 vices
285 1151 399 1230 gerant
412 1147 498 1223 cleri,
515 1147 540 1207 si
556 1163 619 1226 qua
632 1145 717 1206 bona
731 1143 943 1206 ecclesiastica
956 1142 997 1202 ad
1011 1143 1120 1204 Eccle-

187 1249 267 1307 siam
283 1244 497 1307 cathedralem
511 1241 711 1322 pertinentia‚
737 1239 788 1300 vel
810 1239 852 1299 ad
874 1255 1017 1314 mensam
1041 1239 1120 1317 epis-

190 1326 332 1423 copalem
346 1341 397 1402 vel
410 1339 452 1401 ad
466 1325 638 1418 capitulum
651 1337 757 1413 vendi,
783 1336 957 1415 permutari
980 1337 1035 1396 aut
1059 1334 1121 1394 alia

188 1441 311 1502 ratione
335 1437 465 1498 alienari
488 1435 595 1510 velint,
621 1433 791 1513 requiritur
819 1437 853 1492 ut
875 1433 1025 1511 praelatus
1048 1448 1120 1491 cum

189 1535 326 1614 capitulo
342 1532 392 1594 vol
405 1531 539 1611 collegio
553 1531 610 1591 rite
631 1529 786 1591 adunatus
805 1527 964 1590 consultet
983 1543 1025 1587 an
1046 1543 1121 1586 con-

190 1631 285 1691 ducat
298 1647 397 1689 necne
412 1607 558 1688 alienatio
573 1625 614 1688 ad
622 1625 768 1687 Ecclesiae
785 1624 961 1700 utilitatem,
971 1640 1074 1702 eoque
1089 1623 1120 1683 in

189 1724 316 1803 negotio
331 1723 487 1783 sententia
504 1723 608 1783 valeat
632 1739 701 1800 quaa
725 1720 861 1800 capitulo
886 1721 1045 1796 universo,
1071 1717 1120 1780 vel

190 1820 301 1882 saltem
315 1817 429 1897 maj0ri
443 1816 524 1895 parti
539 1817 703 1896 placuerit.
716 1817 806 1890 Quod
816 1818 843 1876 si
852 1833 956 1880 sermo
966 1815 1007 1876 sit
1016 1814 1056 1876 dc
1067 1815 1121 1876 bc·

188 1915 237 1977 nis
253 1912 482 1996 pcrtinentibus
496 1913 545 1975 vel
559 1914 600 1974 ad
609 1913 781 1993 capitulum
791 1913 937 1974 Ecclesiae
945 1912 1124 1992 collegiatae

189 2011 240 2072 vel
255 2010 294 2070 ad
317 2008 555 2085 monasterium,
572 2007 641 2085 pari
658 2007 752 2067 modo
768 2023 938 2068 consensus
953 2005 1121 2080 canonico·

190 2125 260 2168 rum
276 2103 543 2166 etmonachorum
558 2101 728 2182 requiritur
737 2102 952 2181 capitulariter
962 2118 1122 2181 exponen-

109 2217 113 2226 ’
189 2200 333 2264 dus.Ubi
342 2217 417 2262 vcro
428 2202 541 2278 agatur
551 2198 689 2261 debonis
698 2198 909 2261 Ecclesiarum
920 2214 990 2278 quae
1001 2197 1121 2277 capitu·

189 2293 1122 2375 lumvelcollegiumnonbabent,alienatio-oracloreEccle-

190 2397 242 2458 sice
254 2396 345 2457 unius
355 2395 500 2475 Episcopi
508 2395 708 2475 inquisitione
717 2397 749 2455 et
756 2394 881 2456 decreto
893 2392 1117 2475 celebraretur.

230 2493 293 2554 Sed
316 2493 405 2554 tanta
430 2491 650 2572 episcoporum
673 2493 705 2552 et
728 2488 914 2551 clericorum
933 2488 1063 2552 libertas
1087 2488 1119 2548 in

189 2605 286 2648 causa
299 2587 495 2649 alienationis
509 2587 665 2648 bonorum
676 2586 959 2648 ecclesiasticorum
969 2585 1119 2646 abusibus

188 2682 299 2759 patuit,
316 2682 428 2741 mediis
442 2682 575 2760 saeculis,
592 2682 768 2762 pracsertim
790 2699 861 2742 cum
882 2680 1029 2761 Episcopi
1046 2681 1119 2762 jura

188 2776 277 2837 tundi
291 2774 374 2836 dona
387 2775 538 2837 militibus
552 2778 709 2841 dederunt
718 2783 753 2839 ut
763 2796 816 2840 eos
827 2777 885 2838 sibi
896 2795 952 2856 pro
964 2777 1123 2840 Ecclesia.

188 2892 259 2936 rum
272 2873 453 2935 defensione
464 2872 707 2952 obstringerent,
720 2879 752 2937 ct
766 2875 839 2954 quia
848 2873 1027 2954 aliquorum
1037 2874 1118 2952 cpis-

188 2989 340 3049 coporum
355 2987 391 3030 eo
406 2969 549 3050 pervenit
562 2970 710 3048 augendi,
728 2969 849 3032 ditandi
868 2987 942 3032 suos
964 2969 1120 3049 cupiditas

188 3071 221 3128 ut
235 3067 414 3144 familiares,
431 3066 476 3128 ita
489 3066 739 3147 consanguineos
761 3074 834 3128 suos
853 3066 938 3127 hisce
962 3065 1120 3147 elargitio-

188 3163 279 3223 nibus
294 3165 439 3225 ditarent.
457 3163 634 3244 Aliquando
653 3164 757 3226 clerici
779 3182 852 3225 cum
869 3164 1034 3224 usufructu
1049 3170 1120 3225 tan-

184 3261 251 3316 tum
266 3258 451 3335 gauderent,
469 3265 620 3320 curarunt
633 3258 735 3337 magis
754 3257 967 3320 emolumenta
986 3276 1006 3317 a
1026 3257 1118 3318 bouis

184 3349 376 3427 haurienda,
409 3371 503 3430 quam
527 3370 743 3414 successorum
771 3352 959 3432 utilitatem,
991 3357 1118 3432 protra-
1240 3425 1241 3428 Ἴ

184 3443 287 3502 hendo
302 3444 473 3507 locationes
496 3449 536 3508 ad
557 3449 741 3509 diuturnum
762 3455 886 3528 tempus
909 3452 941 3509 ct
960 3448 1115 3528 exigendo
1153 3434 1157 3442 ’

184 3537 350 3612 pensiones
365 3542 534 3619 anticipata
550 3563 622 3605 cum
633 3545 748 3607 damno
765 3563 993 3608 successorum.
