2504 4024
344 323 383 366 nu
405 321 534 368 onrucro
555 323 637 370 rums
659 323 814 371 eruemur.
945 385 950 392 Ι
1005 315 1045 374 99

158 467 273 526 Verum
288 463 357 525 hoeo
371 463 488 543 optime
503 463 678 541 procedunt
693 465 732 525 de
747 465 868 526 clericis
886 468 1045 530 saeeulari-

119 561 188 620 bus.
211 558 290 630 Quid
311 558 350 619 de
374 557 573 637 regularibus
601 559 656 638 qui
682 562 754 620 voto
776 564 969 638 paupertatis
990 565 1044 624 ed·

119 654 215 715 stricti
234 661 395 733 nequeunt
414 652 600 731 possidere?
621 653 702 713 Num
723 655 929 715 removendil
949 658 1043 737 Atqui

118 751 231 810 seimus
244 749 411 810 utilitatem
427 765 547 808 eorum.
562 748 664 818 Quum
679 766 753 827 ergo
768 749 808 810 de
822 753 1044 814 mensaetvita

119 845 273 906 communi
288 845 413 905 illorum
427 842 647 906 sustentationi
661 847 743 906 esset
756 845 927 924 provisum,
948 849 980 908 et
992 865 1042 907 re-

117 957 222 1000 versus
235 940 276 1000 ed
292 938 442 1000 seeoulum
455 938 517 998 illis
533 941 615 1000 esset
628 939 804 1017 prohibitus
820 959 827 1001 :
848 940 915 1019 ipse
935 941 1044 1003 titulus

118 1035 255 1114 religiosae
267 1035 452 1116 paupertatis
467 1033 624 1096 sufficiens
638 1035 723 1096 visus
738 1041 785 1098 est
803 1054 860 1096 sua
875 1041 993 1116 sporta,
1010 1042 1044 1099 ut

118 1130 159 1191 alt
173 1132 204 1192 S.
220 1130 399 1191 Antoninus
419 1135 451 1208 p'.
474 1134 504 1192 3.
531 1149 561 1210 q.
589 1133 637 1193 ll.
663 1134 723 1193 Pro
748 1132 1044 1211 congregationibus

118 1245 188 1287 vero
204 1226 391 1287 olerioorum
406 1225 605 1287 saeoularInm
620 1227 672 1306 qui
686 1227 737 1287 vel
752 1227 869 1289 nullam
879 1228 1044 1306 professio·

117 1340 187 1382 nem
201 1322 361 1396 emIttunt,
382 1322 432 1381 vel
454 1320 495 1382 ad
513 1324 635 1382 eertum
653 1326 778 1400 tempus
796 1322 923 1401 speciali
944 1325 982 1384 R.
1005 1325 1039 1382 P.

116 1417 276 1498 privilegio
298 1435 378 1496 opus
399 1416 458 1478 fuit
478 1416 519 1477 ad
540 1417 665 1479 titulum
678 1433 783 1478 meosoe
803 1416 970 1496 collegiatis,
993 1416 1043 1478 vel

116 1529 214 1571 masere
227 1509 399 1582 communio,
414 1509 465 1569 vel
480 1509 659 1569 missionum.

153 1605 256 1667 Status
271 1587 355 1677 liber,
372 1605 410 1666 de
426 1621 487 1684 quo
503 1609 598 1664 antea
610 1603 706 1665 locuti
721 1620 839 1665 sumus
852 1603 977 1666 Adnote
989 1621 1043 1683 po-

115 1701 266 1768 tissimum
281 1699 382 1780 qualis
397 1699 492 1762 luerit
505 1700 579 1762 oleri
594 1699 751 1761 saeoularis
770 1699 955 1762 existimatio
977 1718 1044 1760 me-

116 1796 164 1858 dio
179 1815 258 1872 aevo,
280 1801 313 1856 et
333 1793 432 1875 qualis
454 1812 536 1856 nuno
556 1795 650 1856 etiam
669 1793 754 1872 apud
776 1796 911 1857 Graecos.
935 1794 1043 1856 Omnis

116 1893 274 1953 veneratio
288 1890 401 1953 transit
414 1891 447 1952 in
461 1891 651 1954 monachos:
664 1891 749 1971 apud
764 1908 818 1952 eos
832 1889 935 1952 omnis
948 1889 1043 1951 studii
1062 1890 1064 1895 ’

117 1990 292 2146 suppl-osia
305 2097 410 2161 graeea
424 2079 548 2161 repellit
561 2079 603 2141 ab
617 2078 780 2142 ordinibus
794 2077 947 2159 bigamos.

381 2243 415 2290 ΙΙ,
431 2255 459 2288 or
475 2254 588 2320 purpureo
603 2251 777 2301 ospranrroars.

151 2362 216 2424 Vll.
242 2358 389 2420 Declarat
415 2375 503 2419 oono.
530 2357 630 2433 Tria,
655 2373 733 2417 sess.
756 2356 866 2432 XXIII,
888 2373 958 2436 eap.
979 2375 1011 2420 1v
1032 2381 1039 2420 :

120 2476 132 2512 a
153 2457 364 2535 Episcopos...
391 2453 430 2514 ad
454 2452 686 2514 hierarchicum
713 2450 858 2514 ordinem
883 2452 1042 2532 preeeipue

115 2553 306 2629 pertinere...
322 2567 439 2628 eosque
454 2549 646 2628 preshyteris
661 2547 839 2628 superiores
853 2567 933 2626 esse,
946 2567 983 2612 ao
993 2567 1043 2611 so-

116 2651 307 2708 oramentum
321 2643 569 2707 oonfirmationis
584 2643 737 2721 conferre,
758 2645 917 2706 ministros
935 2647 1043 2708 Eoole-

116 2741 162 2804 eiae
191 2741 357 2817 ordinare,
387 2743 482 2819 atque
510 2739 572 2800 alia
598 2739 747 2820 pleraque
775 2759 928 2820 peragere
956 2742 1041 2820 ips‘os

114 2856 212 2916 posse,
231 2854 366 2918 quarum
379 2835 575 2898 functionum
588 2839 777 2914 potestatem
789 2837 902 2918 reliqui
916 2838 1041 2900 interio—
1129 2902 1134 2907 ,

116 2935 152 2996 ris
167 2934 288 2997 ordinis
303 2933 420 2994 nullam
435 2931 566 3006 habent;
584 2953 599 3001 o
619 2935 650 2994 et
663 2933 755 3009 ibid.‘‚
771 2951 798 2994 o.
816 2950 861 2996 vu
879 2951 887 2993 :
904 2933 1042 3014 «Siquis

116 3029 224 3091 dixerit
238 3028 401 3108 episcopos
415 3020 477 3089 non
493 3045 562 3088 esse
576 3027 768 3107 presbyteris
787 3028 974 3106 superiores,
991 3028 1041 3087 vel

115 3141 172 3186 non
186 3123 306 3186 habere
320 3126 508 3202 potestatem
521 3123 728 3184 confirmandi
743 3127 775 3185 et
793 3122 970 3198 ordinandi,
991 3123 1041 3184 vel

115 3237 180 3281 eam
195 3229 292 3300 quam
306 3219 426 3280 hahent
437 3218 497 3279 illIs
512 3211 580 3279 esse
600 3235 672 3279 oum
690 3214 883 3296 presbyteris
901 3231 1042 3277 eommu-

115 3331 223 3377 nem...
240 3315 411 3376 anathema
424 3314 474 3374 sit.
490 3335 505 3372 u

148 3412 205 3471 His
219 3410 325 3471 verbis
339 3410 425 3471 Trid.
442 3427 500 3471 nos
515 3409 608 3471 donet
625 3406 825 3468 oollationem
843 3408 908 3469 sive
927 3409 1041 3470 oonfir-

115 3505 269 3586 metionis,
286 3505 353 3566 sive
368 3504 497 3581 ordinis,
518 3522 587 3565 esse
607 3501 799 3566 functionem
819 3503 938 3566 ordinis
959 3503 1041 3582 epis-
