2476 4022
356 306 395 350 su
416 305 544 353 omacio
563 307 645 353 inuis
667 307 821 357 caucium.
904 324 906 329 .
1012 295 1050 358 39

488 503 521 546 Π.
534 503 566 546 Dc
577 503 683 560 subiecto.

152 639 198 700 V.
223 637 359 708 Quilibet
372 636 554 716 'baptizatus
575 655 638 699 non
659 639 872 716 confirmatus,
895 642 930 700 ut
950 639 1046 720 scitis,
1115 667 1118 672 ·

106 735 162 793 est
178 731 358 810 subjectum
370 732 519 792 idoneum
533 732 706 810 recipiendi
718 732 998 795 confirmationem.
1010 735 1048 798 lit

108 829 247 909 quidem
268 829 354 906 olim,
379 847 440 908 quo
460 833 603 908 tempore
623 829 797 909 baptismus
817 829 1045 910 conferebatur,

108 925 231 986 eodem
254 924 475 986 conferebatur
496 925 707 1002 confirmatio,
732 925 797 986 sive
821 925 959 1004 pervadis
981 926 1047 986 sivo

108 1023 242 1086 adultis.
259 1024 339 1084 Huic
353 1025 548 1086 simultaneac
563 1024 613 1084 vel
627 1024 738 1085 melius
751 1024 935 1086 successiva
954 1023 1046 1086 colla·

106 1119 187 1182 tioui
220 1120 418 1180 occasionem
444 1119 606 1200 praebebat
633 1124 722 1181 vetus
749 1119 930 1198 disciplina,
956 1119 1046 1202 juxta

108 1232 211 1296 quam
235 1200 316 1276 sicut
337 1214 543 1293 confirmatio,
569 1215 613 1278 ita
635 1215 809 1295 baptismus
831 1216 864 1276 in
887 1214 1045 1280 crdmario

108 1308 336 1388 episcopocum
369 1310 540 1372 ministerio
576 1315 654 1373 erat.
691 1312 782 1383 Quod
816 1311 843 1371 si
877 1312 1044 1374 necessitas

108 1404 1044 1484 quemquambaptizaripostularet,absentsepisoopo,huic

108 1499 309 1560 confirmatio
324 1499 356 1558 in
371 1500 457 1562 aliud
470 1504 594 1581 tempus
609 1499 822 1564 differebatur.

150 1597 193 1658 At
206 1596 354 1659 institutis
367 1598 536 1676 parochiis,
553 1601 721 1678 postquam
731 1613 846 1657 munus
860 1594 1043 1674 baptizandi

109 1691 214 1754 evasit
226 1693 623 1772 proprium-parochorum,
646 1693 698 1773 qui
720 1696 952 1754 sacramentum
970 1709 1043 1754 oon·

108 1789 297 1849 firmationis
318 1793 479 1870 nequeunt
500 1790 731 1868 administrare,
757 1789 918 1868 ulliusque
941 1789 1042 1850 admi-

109 1883 254 1945 nistratio
277 1884 422 1948 distincta
443 1891 499 1948 est.
523 1887 662 1969 Accessit
682 1891 714 1950 at
733 1887 795 1949 alia
815 1886 905 1948 ratio.
929 1885 1041 1950 Primis

109 1979 259 2041 lloclesiae
274 1981 394 2042 saeculis
408 1982 679 2063 frequentissimus
693 1987 761 2046 erat
769 1982 943 2062 baptismus
953 1981 1040 2044 adul·

109 2082 225 2155 torum,
242 2079 344 2140 ra1ior
357 2081 538 2158 puerorum.
559 2085 600 2144 At
620 2082 760 2144 Ecclesia
779 2079 921 2155 fundata,
945 2079 1039 2142 hodie

111 2176 158 2236 ‘est
171 2173 347 2236 ordinarius
357 2180 389 2238 et
398 2176 667 2258 frequentissimus
676 2177 850 2257 baptismus
859 2175 1036 2255 infantium,

112 2267 374 2330 extraordinarius
389 2271 578 2334 adultorum.
594 2273 611 2334 J
615 2288 743 2334 amverc
757 2269 784 2328 si
803 2268 970 2330 necessitas
988 2288 1039 2332 sa-

111 2363 181 2426 lutis
203 2365 374 2442 postulavit
396 2371 431 2430 ut
452 2368 611 2448 baptisma
630 2367 801 2430 infantibus
825 2364 1036 2444 conferretur,

112 2459 169 2519 hoc
182 2477 246 2520 non
260 2462 441 2538 postulabat
454 2463 701 2525 confirmationis
714 2461 928 2533 collationem
941 2477 1038 2540 quum

113 2555 192 2616 enim
218 2556 279 2616 boc
307 2565 539 2622 sacramentum
566 2547 763 2639 potissimum
790 2557 970 2620 conferatur
996 2556 1038 2620 ad

112 2656 313 2732 augmentum
335 2656 444 2735 gratia
466 2657 700 2735 sanctificantis,
722 2661 755 2719 et
774 2657 815 2718 ad
834 2654 1037 2719 tribuendum

109 2749 157 2832 jus
170 2751 210 2811 ad
225 2767 263 2810 ca
276 2751 386 2830 gratia
408 2755 523 2816 auxilia
543 2774 613 2836 quae
635 2755 811 2817 necessaria
831 2753 963 2816 suntad
984 2772 1036 2816 su·

111 2847 265 2909 beandam
277 2841 418 2930 pugnam
432 2869 489 2930 pro
504 2853 566 2914 lide
581 2853 761 2927 christiana,
777 2871 835 2914 nec
853 2850 913 2912 sub
932 2852 1034 2932 primo

112 2949 248 3025 repectu
256 2948 1032 3036 eratinfantibusnecessariumbocsacramentum,

113 3059 163 3104 nec
176 3042 235 3104 sub
249 3045 398 3108 secundo.
476 3035 479 3040 ¹
818 3061 821 3065 “

147 3143 259 3205 Contra
280 3161 356 3206 vero
376 3145 492 3207 decora
509 3148 698 3210 sacramenti
720 3143 947 3208 administratio
972 3144 1033 3207 exi-

111 3237 198 3319 gebat
211 3243 245 3302 ut
266 3241 306 3301 ad
325 3239 404 3303 illud
421 3246 545 3324 tempus
567 3245 754 3322 differretur,
779 3261 840 3324 quo
861 3242 952 3323 pueri
970 3243 1033 3306 ins·

112 3336 264 3400 tractionis
293 3355 424 3418 capaces
448 3359 515 3402 esse
540 3346 687 3421 possent,
713 3341 751 3403 et
767 3339 865 3401 divini
887 3340 1033 3406 beneficii

11 3477 12 3482 η
112 3435 235 3512 pretium
254 3441 312 3515 pro
333 3438 640 3502 meritissssstimare.
665 3438 754 3502 Unde
773 3438 865 3500 firma
884 3443 1031 3502 manento

110 3534 198 3594 veteri
211 3533 378 3614 disciplina
397 3536 603 3618 praedatis,
627 3535 732 3617 quoad
752 3536 886 3601 inientes
907 3536 1032 3616 regula·
