2476 4022
185 236 223 295 16
392 247 618 295 lrtsrlromouns
638 249 721 294 rums
743 249 897 295 csuonlcr.

182 397 312 461 inducta
326 399 383 472 ast,
401 397 441 458 uh
461 396 595 458 hominis
614 397 837 478 justificatione
857 396 967 461 debuit
980 399 1045 462 vita
1059 401 1117 463 ho-

181 491 302 551 minum
317 489 485 569 spiritualis
500 490 678 551 instaurari.
695 490 876 570 etquidem
895 491 991 552 variis
1010 495 1116 556 modis

182 588 269 647 Deus
287 583 400 647 intuitu
421 586 606 647 meritorum
626 585 742 648 Christi
765 587 984 666 Redemptoris
1015 591 1115 651 nostri

181 683 290 762 gratia
312 701 377 744 sua
401 682 566 744 thesauros
589 683 621 743 in
647 689 752 762 patres
775 689 898 745 nostros
924 683 1049 748 diffudit
1072 688 1115 748 ad

181 780 262 839 huno
272 779 465 856 spiritualem
476 779 652 840 animorum
666 779 763 840 vitam
780 779 1028 842 instaurandam.
1042 783 1115 844 Ser·

179 874 314 936 vehatur
330 889 405 934 vero
429 872 609 936 advenienti
631 873 753 953 Christo
775 877 810 936 ut
830 873 969 935 medium
983 875 1113 955 aliquod

179 973 326 1053 generale
342 974 373 1034 et
391 970 548 1032 uniforme
562 971 733 1053 spiritualis
753 974 1000 1053 regenerationis
1024 975 1114 1038 insti-

178 1071 292 1147 tueret,
309 1067 394 1148 quod
407 1065 547 1148 generali
570 1069 602 1128 et
621 1067 769 1128 uniformi
792 1068 955 1129 hominum
977 1087 1113 1150 concep-

177 1164 254 1227 tioni
270 1182 327 1244 per
346 1161 583 1243 generationem
604 1162 763 1223 carnalem
782 1162 943 1224 inductam
957 1165 1109 1228 mederet.

217 1262 315 1320 Porro
330 1258 470 1321 Christus
485 1256 539 1338 qni
557 1257 601 1319 itu
622 1256 748 1320 volebat
768 1257 808 1318 ad
830 1258 964 1337 gratiam
986 1259 1111 1321 elevare

177 1359 333 1431 naturam,
349 1362 385 1416 ut
397 1355 518 1416 naturae
532 1353 825 1416 accommodaretur
833 1353 946 1432 gratia,
961 1355 1044 1417 hanc
1058 1373 1111 1416 oe

177 1452 335 1514 casianum
349 1453 475 1511 secutus
491 1453 547 1511 est.
566 1449 657 1511 Scitis
672 1449 826 1526 homines,
843 1449 896 1529 qui
910 1468 968 1530 pro
988 1455 1110 1513 naturae

176 1565 241 1609 suae
255 1545 440 1608 limitatione
455 1545 556 1606 solent
569 1545 729 1624 corporeis
739 1545 930 1624 imaginihus
938 1546 1110 1608 invisibiles

176 1644 208 1702 et
221 1641 398 1723 spirituales
413 1641 526 1702 animae
547 1643 717 1720 conceptus
733 1639 915 1718 depingere,
935 1640 993 1702 suh
1013 1640 1108 1718 tabis,

175 1735 392 1817 immunditia,
418 1735 532 1813 sordis,
559 1733 799 1816 inquinamenti,
825 1733 1002 1814 pollutionis
1029 1736 1110 1798 ima·

174 1831 259 1910 gine,
281 1834 312 1893 et
324 1832 512 1909 metaphora
532 1831 645 1892 animae
667 1833 798 1908 peccata
818 1829 1005 1908 significare.
1029 1831 1109 1892 Huic

175 1925 336 1986 hominum
360 1926 526 2004 capacitati
554 1943 675 1988 morem
699 1942 812 2005 gerens
835 1925 991 2004 scriptura
1017 1944 1110 1986 sacra

174 2021 300 2082 cuidam
321 2021 549 2097 emundationi,
572 2019 773 2096 dealbationi,
797 2019 923 2080 lavacro
951 2020 1031 2082 solet
1054 2022 1108 2082 ho·

172 2116 293 2176 minum
310 2115 568 2196 justificationem
589 2133 785 2194 comparare.

212 2211 294 2290 Ergo
317 2209 477 2289 quoddam
496 2208 617 2269 visibile
638 2208 800 2268 lavacrum
821 2210 888 2270 erat
908 2208 1106 2288 aptissimum

171 2322 229 2385 per
243 2306 327 2384 quod
343 2307 410 2367 haeo
423 2304 554 2365 interior
567 2303 696 2379 ablutio,
722 2306 752 2364 et
776 2303 931 2363 munditia
951 2305 1107 2382 exprime-

170 2406 268 2478 retur,
284 2402 522 2481 significuretur,
535 2404 728 2481 operaretur.
741 2401 759 2461 J
762 2419 813 2461 cm
823 2418 897 2461 vero
909 2402 1101 2462 elementum

171 2519 190 2560 a
214 2502 326 2559 natura
349 2498 539 2559 destinatum
565 2503 716 2578 tanquam
740 2499 879 2560 medium
902 2499 1048 2578 generale
1073 2502 1106 2561 et

170 2593 324 2654 uniforme
348 2595 388 2654 ad
414 2611 582 2671 corporeas
604 2594 819 2657 immunditias
841 2595 1048 2675 extergendus
1072 2602 1104 2658 et

170 2685 392 2767 purificandus,
410 2693 457 2748 est
471 2706 564 2767 aqua.
581 2690 665 2768 Ergo
680 2707 765 2769 equor
779 2689 847 2751 lotio
858 2689 1020 2768 aptissima
1034 2689 1103 2750 visa

170 2787 216 2843 est
229 2782 361 2859 Christe,
385 2802 454 2863 quae
474 2786 655 2863 generalem
675 2788 706 2846 et
725 2784 913 2846 uniformem
932 2785 1098 2846 hominum

167 2875 399 2937 immunditiam
414 2877 605 2955 purificaret.

207 2973 255 3033 Ad
271 2971 452 3052 hujusmodi
466 2991 540 3034 vero
557 2974 703 3034 effectum
718 2992 808 3054 aquae
827 2974 902 3036 lotio
919 2979 987 3035 erat
1004 2973 1100 3034 indif-

167 3068 269 3130 ferens
284 3089 322 3130 ex
337 3088 381 3146 se,
399 3076 430 3130 et
448 3071 582 3147 incapax
596 3070 654 3132 nisi
672 3071 713 3131 ad
731 3071 764 3131 id
781 3070 1024 3149 supernaturali
1039 3070 1099 3131 vir·

167 3165 232 3224 tute
248 3166 432 3241 elevaretur.
452 3164 501 3225 Ad
516 3165 575 3226 hoc
594 3166 691 3244 igitur
709 3168 851 3246 apposite
870 3167 1054 3245 υθνόονιιιη]
1085 3199 1099 3210 -
1173 3197 1178 3206 ·

167 3259 276 3319 molam
300 3261 528 3338 determinavit,
552 3279 614 3342 qua
632 3263 722 3325 fieret
748 3270 782 3323 ut
805 3262 934 3324 visibilis
957 3261 1097 3340 corporis

167 3354 284 3416 ablutio
310 3355 473 3419 invisibilis
500 3364 532 3418 et
559 3358 716 3420 interioris
743 3359 856 3421 unimae
883 3357 1096 3420 mundationis

166 3450 256 3514 fleret
273 3451 440 3529 indicium3
463 3457 495 3516 et
514 3456 662 3537 apostolis
679 3456 842 3517 mandavit
859 3461 895 3518 ut
911 3452 1094 3535 hujusmodi
