2548 4020
401 343 439 386 nn
461 340 590 388 assuero
610 342 692 389 runis
714 343 869 391 carorum.
989 388 993 394 ,
1044 335 1098 394 189

163 489 260 551 debet
280 486 331 549 rel
352 488 460 548 votum
479 493 629 567 perpetue
649 487 799 551 castitatis
819 487 974 571 emittere,
995 491 1046 555 rel
1067 495 1098 554 in

162 582 356 648 monasterio
371 586 523 663 perpetuo
537 585 737 646 commorari.

204 683 280 742 Haec
295 683 399 742 servat
417 679 558 741 Ecclesia
572 679 680 742 latina.
699 681 798 743 Graeci
817 682 985 745 admittunt
1005 685 1099 747 indis-

163 775 355 838 criminatim
369 775 410 836 ad
425 775 552 837 ordines
566 776 704 837 minores
718 776 914 857 conjugatos,
924 778 961 839 iis
976 782 1101 858 permit·

164 879 237 937 tunt
250 891 343 935 usum
358 891 491 934 uxorum
506 875 537 934 et
551 872 687 951 nuptias,
704 873 830 936 exclusa
843 873 992 954 bigamia.

206 972 248 1032 At
267 969 406 1031 severior
426 972 473 1030 est
493 969 641 1030 Ecclesiae
663 969 828 1050 disciplina
849 972 953 1051 quoad
975 973 1102 1034 ordines

165 1065 305 1147 majores
326 1069 358 1127 et
376 1083 492 1142 sacros,
514 1082 586 1126 cum
606 1065 629 1126 ii
647 1067 708 1129 sint
727 1067 780 1147 qui
801 1068 928 1130 firmant
948 1072 1101 1148 perpetuo

165 1164 284 1222 statum
300 1159 487 1235 clericalem,
504 1157 548 1220 ita
562 1162 596 1221 ut
610 1177 672 1220 non
692 1160 785 1224 liceat
799 1162 932 1240 amplius
947 1161 987 1222 ad
1002 1180 1103 1225 saecu-

164 1256 246 1317 laria
260 1259 335 1317 vota
356 1255 471 1332 redire,
498 1259 529 1318 et
547 1255 569 1315 ii
590 1255 652 1318 sint
670 1257 723 1336 qui
742 1257 871 1336 propius
890 1258 1032 1320 homines
1047 1278 1103 1338 ap-

166 1353 347 1432 proximant
361 1352 401 1414 ad
417 1352 523 1414 divina
536 1353 699 1432 mysteria.

207 1451 316 1528 ltaque
338 1451 543 1528 perpetuast
564 1448 732 1509 universali
755 1449 920 1531 disciplina
939 1453 1102 1530 receptum

166 1544 262 1606 estin
276 1545 427 1621 Ecclesia,
443 1548 479 1606 ut
492 1544 524 1604 in
539 1540 636 1606 sacris
651 1544 813 1606 ordinibus
829 1545 958 1608 initiatis
973 1545 1104 1608 interdi-

167 1644 315 1704 cerentur
335 1640 453 1719 nuptiae
472 1661 480 1703 ε
497 1659 567 1720 quae
588 1640 758 1720 prohibitio
782 1642 814 1702 in
837 1642 976 1705 Ecclesia
998 1662 1104 1726 graeca

167 1737 409 1816 comprehendit
423 1737 596 1816 episcopos,
614 1737 815 1816 presbyteros
830 1742 861 1800 et
877 1738 1047 1814 diaconos;
1071 1739 1103 1800 in
1164 1791 1171 1802 .

67 1837 69 1843 ’
167 1832 310 1896 Ecclesia
322 1833 420 1895 latina
434 1852 508 1896 vero
523 1833 655 1896 includit
668 1835 763 1897 etiam
777 1836 1008 1909 subdiacones;
1029 1853 1104 1897 nam
1202 1837 1204 1841 ’

168 1930 288 1991 bisunt
301 1929 334 1990 iu
349 1929 521 2010 majoribus
536 1934 567 1992 et
584 1931 681 1991 sacris
699 1949 797 2009 penes
815 1933 940 1994 latinos.
957 1934 1023 1993 lmo
1038 1936 1103 1994 tam

168 2026 262 2086 cauta
276 2023 345 2100 tuit,
363 2023 422 2084 hac
441 2023 473 2084 in
492 2041 537 2100 re,
554 2023 695 2084 Ecclesia
708 2023 806 2086 latina
824 2026 858 2084 ut
876 2023 1012 2085 voluerit
1030 2024 1104 2085 sub-

167 2121 319 2183 diaconos
334 2123 406 2182 ante
422 2119 652 2182 ordinationem
667 2117 809 2180 emittere
819 2121 927 2180 votum
942 2124 1103 2196 perpetua

168 2217 331 2296 cast'tatis,
348 2222 383 2278 ut
397 2217 442 2278 sie
455 2217 556 2297 magis
570 2215 676 2278 clerici
685 2217 888 2275 monerentur
898 2213 937 2274 de
948 2214 1104 2275 servanda

167 2312 323 2375 castitate.

176 2434 181 2446 ¹
207 2413 250 2472 At
270 2410 321 2472 bic
342 2408 494 2490 quantur
512 2427 552 2471 an
568 2410 636 2471 haee
649 2409 700 2470 lex
714 2426 784 2491 quae
804 2403 964 2468 interdixit
984 2403 1105 2466 clericis

168 2505 342 2587 majoribus
363 2491 609 2583 matrimonium,
634 2505 728 2568 fuerit
747 2522 834 2565 mere
857 2501 1029 2584 prohibens
1050 2505 1105 2564 aut

168 2603 265 2666 etiam
280 2602 431 2664 irritans?

209 2699 301 2770 Quod
320 2700 441 2778 spectat
460 2697 499 2759 ad
518 2697 692 2760 Ecclesiam
706 2697 943 2775 occidentalem,
960 2697 1071 2757 saltem
1087 2713 1106 2756 a

168 2795 285 2882 saeculo
309 2811 365 2872 xrr,
391 2794 449 2856 sub
471 2794 582 2856 concil.
607 2797 754 2856 Lateran.
786 2797 828 2871 1⁰,
854 2798 939 2856 certo
964 2794 1032 2855 baec
1054 2792 1105 2852 lex

156 2891 340 2954 'constituta
359 2894 406 2953 est
427 2891 510 2952 velut
526 2890 663 2952 irritam.
681 2890 743 2953 Sed
758 2890 866 2970 primis
885 2889 1032 2950 Ecclesiae
1047 2907 1105 2950 sae-
1192 2955 1197 2967 p

169 2988 259 3064 culis,
276 2987 380 3066 potius
399 2986 569 3067 prohibens
589 3003 684 3068 quam
703 2987 828 3048 irritans
848 2983 957 3045 habita
971 2987 1028 3043 est.
1044 2985 1106 3043 De-

170 3083 371 3163 ponebantur
402 3082 487 3143 euim
525 3083 579 3162 qui
618 3085 689 3161 post
720 3099 842 3143 sacram
875 3078 1105 3140 ordinationem

171 3197 303 3240 uxorem
317 3180 489 3254 duxissent,
506 3178 546 3240 ab
562 3178 665 3242 officio
682 3177 831 3253 clericali,
848 3174 905 3237 sed
924 3191 986 3234 non
1004 3172 1106 3235 solve-

169 3277 287 3339 bantur
300 3293 320 3337 a
334 3274 493 3356 conjugio.

209 3369 291 3448 Dixi,
317 3371 429 3432 saltem
452 3387 471 3428 a
494 3367 609 3430 saeculo
633 3382 698 3441 x113
724 3382 798 3425 nam
826 3361 967 3426 nonnulli
996 3366 1106 3444 putant

166 3465 291 3547 jamdiu
305 3484 324 3526 a
339 3467 455 3528 saeculo
470 3481 513 3542 vr,
531 3463 674 3525 habitum
687 3461 782 3523 fuisse
797 3462 883 3524 velut
902 3460 1024 3524 irritum
1038 3477 1106 3520 ma-

168 3561 353 3624 trimonium
367 3564 564 3625 contractum
578 3578 598 3621 a
612 3559 732 3638 clericis
747 3557 930 3640 majoribus.

472 3671 474 3676 ,
954 3651 999 3704 Η.
