2504 4024
374 327 412 370 nn
434 325 562 372 ostnoro
582 327 665 374 ruurs
687 329 842 376 cruorum.
1016 321 1073 380 115

450 467 478 511 Β.
489 467 520 511 llc
530 468 658 524 impotentis
669 471 769 514 coeundi.

179 572 278 632 XXV.
291 567 478 648 impotentia
488 567 620 629 coeundi
633 571 681 630 est
690 569 882 649 incapacitas
892 573 1074 649 perficiendi

139 667 304 730 carnalem
323 665 478 744 copulam,
495 665 545 725 vel
564 665 805 727 consummandi
825 668 1072 747 matrimonium,

138 783 195 825 seu
210 762 368 824 officiendi
382 761 415 822 id
429 778 486 839 per
500 759 585 840 quod
604 760 755 840 conjuges
770 779 834 824 nou
847 767 921 826 sunt
940 766 1074 843 amplius

138 863 214 938 duo,
231 861 289 922 sed
310 877 371 920 uua
390 875 474 934 caro,
491 861 525 920 ut
544 857 755 936 distinguatur
768 859 809 920 ab
823 860 1072 940 infaecuuditate,

138 976 195 1018 seu
210 955 374 1018 sterilitate
395 954 532 1030 seminis,
550 971 620 1034 quoe
635 953 748 1016 dicitur
768 955 955 1034 impotentia
975 975 1075 1035 gene-

140 1053 244 1128 randi,
269 1069 339 1132 quae
360 1067 482 1112 arcanae
504 1049 559 1110 Dei
581 1049 797 1128 providentiae,
813 1053 846 1112 in
867 1054 1072 1132 generatione

142 1148 279 1210 bominis
293 1145 491 1208 concurrenti
506 1147 711 1225 relinquenda
725 1155 781 1209 est.
795 1149 864 1209 Non
879 1151 976 1210 semel
991 1153 1074 1212 enim

142 1244 259 1306 accidit
277 1246 322 1319 ut,
339 1243 412 1305 licet
430 1241 550 1303 bonum
570 1260 677 1302 semen
698 1244 870 1306 seminatur
889 1249 922 1306 et
934 1246 1073 1325 legitimo

142 1342 251 1416 modo,
267 1343 350 1400 Deus
364 1341 600 1400 incrementum
619 1355 681 1398 uon
697 1338 760 1415 det,
778 1343 809 1402 et
823 1357 885 1400 non
906 1344 1072 1420 germinet,

144 1437 219 1498 dum
240 1438 365 1510 contra,
382 1433 551 1513 aliquando
573 1433 656 1492 Deus
676 1431 819 1492 habitare
840 1432 917 1494 facit
937 1434 1074 1496 sterilem

144 1533 175 1591 iu
190 1531 296 1606 domo,
313 1533 344 1591 et
358 1529 516 1608 insperato
531 1529 644 1588 foetum
658 1527 863 1608 concipiatur.

183 1629 216 1688 1ο
230 1629 305 1688 Haec
317 1625 503 1704 impotentia
516 1624 592 1686 oriri
604 1627 707 1704 potest
725 1624 774 1686 vel
789 1645 809 1686 a
822 1625 925 1686 causis
946 1632 1075 1687 natura-

143 1725 224 1786 libus
245 1723 296 1784 vel
316 1741 355 1783 ex
375 1722 540 1783 maleficio.
563 1722 694 1782 Berardi
714 1725 806 1801 putat
828 1722 897 1784 hacc
921 1722 1076 1784 maleficia

143 1821 239 1882 tuisse
252 1821 399 1897 vulgares
414 1816 649 1896 superstitiones
660 1815 772 1879 media
787 1819 898 1881 aetatis.
913 1819 975 1880 Sed
986 1819 1074 1901 quid·

145 1917 220 1997 quid
235 1917 274 1978 sit
293 1915 332 1976 ds
351 1915 444 1990 facto,
461 1913 511 1974 vel
534 1915 637 1992 potius
658 1915 697 1975 dc
720 1913 810 1976 factis
834 1933 906 1976 cum
929 1916 1074 1976 omnibus
1099 1996 1102 2002 Δ

145 2013 208 2073 suis
222 2010 419 2094 adminiculis
433 2010 581 2088 inspectis
594 2029 600 2070 :
614 2010 698 2088 quod
713 2013 779 2072 arta
795 2010 950 2072 diabolica
965 2009 1076 2090 hujus-

145 2107 230 2168 modi
244 2108 372 2168 effeotus
393 2104 525 2184 produci
545 2107 674 2184 queant,
691 2122 753 2166 nou
774 2105 900 2168 videtur
914 2106 1074 2186 ambigen-

145 2204 231 2264 dum.
249 2201 394 2284 (Consule
409 2201 586 2280 Gounalez.)

183 2303 214 2359 2⁰
229 2298 381 2360 Absoluta
402 2315 470 2359 esse
490 2301 593 2378 potest
606 2300 662 2358 aut
674 2296 815 2358 relativa.
833 2295 985 2357 Absoluta
1004 2313 1074 2375 quaa

146 2411 191 2466 cst
213 2405 246 2464 in
268 2405 351 2481 viro,
368 2405 513 2482 respectu
538 2403 678 2464 omnium
700 2402 912 2478 foeminarum,
924 2407 983 2462 aut
1005 2402 1073 2462 vica

146 2517 250 2574 versa3
268 2499 400 2561 relativa
420 2516 490 2578 quae
512 2496 729 2559 consideratur
748 2502 893 2574 respectu
914 2493 956 2555 ad
976 2510 1074 2554 unum

145 2600 176 2659 et
189 2612 296 2671 unam,
313 2611 376 2655 uon
391 2597 536 2672 respectu
551 2595 591 2654 ad
607 2611 726 2654 omnes.

183 2693 216 2752 3⁰
231 2693 448 2769 Temporanea
469 2707 538 2770 quae
560 2689 683 2751 idoneis
701 2688 847 2750 remediis
867 2690 970 2768 potest
983 2705 1073 2766 supe·

144 2789 217 2864 rari,
235 2787 285 2848 vol
299 2791 452 2865 perpetua
466 2804 527 2868 quo
543 2786 737 2848 naturalibus
752 2785 900 2847 remediis
914 2791 969 2846 aut
983 2784 1075 2845 abso-

142 2885 206 2948 lute
224 2884 292 2946 tolli
305 2901 368 2944 nou
381 2887 495 2962 potest,
512 2887 566 2946 aut
580 2883 691 2945 saltem
706 2883 772 2943 sine
786 2883 858 2944 vitae
873 2881 1023 2959 periculo.

181 2985 216 3041 4⁰
230 2979 427 3042 Anteccdens
441 2981 491 3041 vel
506 2979 700 3059 subsequens
718 2977 961 3038 matrimonium.
978 2975 1074 3036 Ante-

144 3073 260 3134 ocdens
281 3089 372 3149 vcro,
387 3073 438 3134 vel
459 3073 585 3152 cognita
600 3090 619 3134 a
633 3069 891 3134 contrahentibus
914 3067 965 3130 vol
985 3069 1075 3146 ignc-

144 3175 223 3230 rata.

534 3260 684 3304 lbecremata.

185 3349 216 3406 1⁰
239 3345 434 3424 Temporalis
463 3345 649 3426 impotentia
672 3360 734 3404 non
765 3339 883 3402 dirimit
912 3339 1073 3402 matrimo-

144 3442 247 3517 nium;
264 3441 350 3504 nullo
370 3443 455 3504 enim
464 3442 536 3522 jure
551 3439 682 3502 actualis
704 3436 886 3500 concubitus
906 3438 1075 3518 requiritur

145 3540 185 3600 ad
200 3538 394 3600 matrimonii
407 3537 587 3620 essentiam.
