2504 4024
176 249 233 312 l'lO
381 257 610 305 rrsrrrurrorns
631 256 713 302 runis
736 253 890 301 errorum.

175 405 343 469 inimicitiae
358 404 441 465 inter
453 400 603 467 familiam
618 406 650 460 et
667 399 833 472 familiam3
855 398 911 459 sed
930 400 990 460 hoc
1009 401 1108 478 potis-

175 503 287 563 simum
302 499 434 580 ajudice
446 495 694 572 deliberandum,
708 493 782 573 quia
792 494 882 554 facile
893 512 931 554 cx
941 495 1108 556 renuentia

175 598 266 658 unius
281 596 378 675 partis
392 597 522 674 possunt
536 593 641 655 statim
657 591 748 664 oriri;
765 590 928 669 culpabilis
947 587 1040 650 unius
1059 608 1121 674 oss

175 691 304 754 citantia
338 688 517 751 celebrandi
552 687 635 752 intra
661 683 837 766 legitimum
866 689 999 764 tempus.
1037 675 1108 746 Non

177 789 304 869 quidem
318 790 484 866 quatenus,
507 787 542 847 ut
563 782 704 843 nonnulli
724 784 884 860 putarunt,
904 781 956 861 jus
978 781 1110 842 deliniat

177 883 281 962 aliquo
296 882 504 942 determinato
519 885 660 957 tempore
676 877 791 938 durare
805 876 1040 956 obligationem,
1061 875 1109 935 vi-

177 978 290 1038 delicet
303 975 451 1055 quinque,
469 982 605 1054 quatuor
619 973 720 1048 annia,
738 976 811 1048 eto,
824 972 950 1044 minime
960 970 1108 1050 sponsalia

178 1071 290 1130 imitari
315 1069 497 1131 matrimonii
522 1077 660 1129 colurum
679 1074 712 1128 et
737 1068 910 1146 producere
944 1065 1111 1145 obligatio-

110 1189 113 1193 ·
177 1178 250 1220 nem
263 1164 458 1240 perpetuam.
476 1163 624 1222 Attamen
634 1159 687 1239 jus
707 1164 755 1220 est
773 1158 914 1221 alterutri
934 1176 1041 1220 coram
1056 1157 1111 1237 ju-

178 1256 246 1318 dice
262 1273 294 1317 se
314 1257 434 1334 sistere,
455 1256 496 1316 ad
515 1257 684 1317 terminum
703 1255 793 1317 alteri
812 1255 1024 1330 statuendum,
1046 1272 1110 1333 quo

179 1353 284 1432 elapso
300 1353 398 1414 altera
412 1371 485 1432 pars
500 1352 540 1414 ab
556 1350 746 1432 obligatione
760 1351 921 1412 liberatur.
938 1351 984 1412 lta
998 1351 1025 1411 si
1040 1351 1111 1430 quis

178 1466 212 1508 se
239 1448 409 1510 transferat
428 1449 468 1509 ad
490 1454 628 1509 remotas
652 1446 796 1527 regiones
819 1446 886 1508 sine
907 1446 972 1506 ulla
991 1446 1113 1506 reditus

180 1547 375 1622 certitudine,
389 1546 487 1626 judex
502 1545 630 1606 deliniet
649 1551 774 1623 tempus
793 1547 1005 1622 opportunum
1020 1541 1114 1622 juxta

179 1641 439 1702 circumstantias.
528 1643 534 1670 ·'

219 1737 338 1796 Praeter
359 1721 596 1815 'obligationem
630 1735 833 1812 matrimonii,
869 1735 949 1796 alter
981 1736 1114 1795 effectus

180 1829 373 1908 sponsalium
394 1834 442 1893 cst
460 1831 577 1910 publico
598 1830 738 1908 decertas,
760 1831 801 1891 de
824 1848 887 1910 qua
900 1829 1053 1910 'sequenti
1079 1831 1116 1890 ti·

180 1925 255 2002 tulo,
273 1944 336 1987 una
351 1945 423 1988 cum
436 1927 670 2008 impedimentis
686 1927 888 1990 matrimonii.

445 2104 478 2148 ΙΙ.
491 2105 523 2148 oo
536 2104 699 2162 Impedimentis
710 2106 848 2150 matrimonii.

221 2231 316 2290 XXll.
341 2229 677 2308 Pseudo-philosophia
698 2247 735 2290 ex
754 2249 829 2306 una,
850 2231 1116 2310 pseudo-politica

182 2343 219 2385 ex
243 2326 304 2386 alia
326 2331 415 2406 perte
440 2324 618 2386 amittentes
641 2326 830 2386 matrimonii
854 2333 1052 2404 conceptum,
1082 2336 1117 2390 ut

181 2424 424 2483 instrumentum
438 2421 628 2500 cupiditatiS,
648 2421 699 2481 vel
720 2426 755 2483 ut
775 2423 894 2484 nudum
916 2425 1054 2486 officium
1075 2427 1117 2485 ci-

182 2517 296 2592 vicum,
313 2517 563 2580 considerarunt.
581 2517 671 2578 Unde
685 2517 873 2596 prodierunt
887 2519 949 2581 duo
969 2519 1116 2600 opposita

184 2611 336 2689 principia
355 2613 440 2672 circe
458 2613 596 2674 nubendi
624 2613 674 2674 vel
702 2632 831 2675 uxorem
855 2615 990 2679 ducendi
1013 2619 1117 2695 poles-

184 2707 290 2766 tetem.
309 2707 449 2798 Quorum
463 2711 635 2785 systemata
649 2709 838 2772 studuerunt
852 2711 1014 2772 hominum
1030 2713 1118 2791 cupi-

184 2797 273 2859 ditati
286 2801 470 2878 tantamque
485 2800 627 2860 fecerunt
640 2800 819 2862 libertatem
838 2803 1029 2865 matrimonii
1044 2821 1117 2865 con-

141 2919 143 2924 ·
183 2896 339 2970 trahendi,
356 2901 391 2956 ut
405 2894 525 2955 nullum
539 2896 571 2955 in
586 2895 646 2958 hoc
661 2902 870 2976 agnoscerent
883 2901 1002 2960 morale
1016 2901 1119 2979 impc-

184 2991 368 3069 dimentum,
391 2991 453 3051 imo
477 2989 621 3052 omnihus
641 2992 850 3070 praeciperent
867 2994 1114 3055 matrimonium.

226 3088 283 3159 Oui
299 3107 315 3147 e
330 3105 482 3149 converso
497 3087 705 3165 temporalem
718 3092 818 3149 status
836 3088 1016 3150 felicitatem
1031 3089 1120 3150 velut

185 3185 328 3246 ultimum
350 3187 446 3245 linem
466 3186 681 3263 inspexerunt,
702 3190 798 3246 tantae
820 3187 962 3249 servituti
983 3187 1120 3265 subege-

78 3315 81 3322 -
185 3283 258 3340 runt
272 3280 481 3356 matrimonia,
502 3282 537 3342 ut
554 3280 632 3341 nulli
650 3280 758 3343 liceret
776 3282 974 3359 contrahere,
995 3282 1054 3342 nisi
1073 3282 1118 3343 illi

186 3373 236 3432 cui
250 3391 270 3432 a
283 3374 422 3453 principe
438 3377 573 3453 positiva
585 3376 717 3439 facultas
732 3382 814 3440 esset
827 3378 920 3440 facta.
942 3381 1120 3457 Utrumque

185 3474 323 3546 systema
342 3471 476 3532 naturali
496 3471 658 3533 hominum
676 3473 846 3536 conditioni
868 3475 936 3554 pari
956 3474 1051 3536 modo
1072 3493 1121 3536 re-
