2476 4022
381 256 420 300 on
443 255 571 322 caruero
591 255 673 304 unius
695 257 849 306 ιιιιοιιιιι.
1038 249 1078 308 59

186 399 277 472 Quod
297 416 373 460 vero
393 400 528 477 pertinet
548 399 588 459 ad
606 401 786 462 sacerdotes
804 401 857 484 qui
876 402 1003 482 speciali
1024 403 1078 464 ali·

145 513 209 576 quo
227 495 317 557 titulo
336 495 377 556 ed
397 494 577 575 hujusmodi
595 495 732 556 officium
751 501 909 576 tenentur,
927 503 1078 562 statutum

146 599 218 656 est:

186 691 278 752 Tales
298 694 372 754 sunt
391 707 500 751 omnes
518 689 698 752 sacerdotes
716 711 817 752 coram
835 692 1001 756 animorum
1020 695 1078 758 he·

145 785 268 865 bentes,
282 785 335 865 qui
351 784 529 863 obligantur
538 784 580 844 ad
594 784 696 844 Missae
711 785 954 850 celebrationem
968 787 1078 850 diebus

146 877 310 942 dominicis
326 884 357 942 et
369 880 466 944 iestis.
483 881 549 941 Hoc
563 883 650 959 patet
668 899 705 940 ex
724 882 808 943 Trid.
826 900 902 944 sess.
919 885 970 958 23,
987 901 1015 944 o.
1031 887 1074 946 8:

145 975 219 1038 ibid.
234 976 274 1037 de
285 977 490 1039 observandis
500 980 532 1038 et
546 977 680 1038 vitandis
693 977 726 1038 in
739 978 948 1040 celebratione
961 980 1075 1058 Missa,

146 1074 177 1131 et
191 1088 266 1132 sess.
283 1074 334 1149 Ἠ,
348 1074 406 1132 ol
422 1074 453 1131 et
467 1075 497 1145 Ἰ,
510 1069 563 1131 ubi
578 1071 645 1132 vult
658 1075 692 1132 ut
705 1071 737 1132 in
752 1072 916 1133 dominicis
929 1072 1077 1154 festisque

145 1163 317 1244 majoribus
345 1163 502 1243 parochus
529 1164 611 1224 inter
638 1164 804 1226 missarum
835 1165 1077 1228 celebrationem

145 1259 277 1320 verbum
291 1259 347 1319 Dei
359 1259 476 1340 populo
495 1262 641 1343 exponet,
662 1261 727 1320 sive
747 1261 821 1340 qnia
839 1278 915 1322 sess.
932 1265 982 1338 24,
999 1279 1027 1324 c.
1046 1265 1074 1341 l,

146 1353 210 1415 uult
237 1355 272 1414 ut
298 1369 355 1430 pro
385 1352 495 1414 ovibus
518 1352 582 1412 suis
610 1353 799 1413 sacrificium
823 1355 965 1432 offerant,
992 1355 1077 1434 quod

147 1450 215 1528 (igr.
243 1449 338 1510 (lonc.
364 1447 536 1510 declaravit
562 1448 726 1510 dominicis
754 1449 899 1510 omnibus
926 1449 1076 1530 festisque

146 1544 333 1618 laciendum.

183 1643 340 1705 Praeterea
354 1642 495 1706 'concalui
506 1641 622 1723 aliique
641 1643 820 1706 secerdotes
841 1643 1076 1708 cathedralibus

58 1721 61 1730 ’
145 1736 536 1819 collegiatisqueeoclesiis
561 1738 709 1800 addicti:
735 1739 890 1802 Honorius
917 1741 958 1801 lll
987 1738 1019 1800 in
1041 1757 1073 1804 c.

145 1834 236 1910 Quom
256 1843 390 1896 creatora
408 1834 447 1895 de
466 1833 676 1896 celebratione
692 1835 806 1914 Missae,
823 1839 854 1898 et
872 1837 969 1900 Glem.
988 1837 1027 1914 V,
1043 1836 1075 1896 in

143 1932 332 1994 clementina
350 1935 380 1993 l·
399 1932 438 1994 de
458 1932 667 1996 celebratione
685 1935 863 2014 missarum,
880 1939 1022 1997 statuunt
1042 1936 1076 1998 ut

143 2027 173 2088 in
194 2028 340 2090 omnibus
362 2028 596 2116 cathedralibus
615 2033 647 2091 et
664 2031 834 2113 collegiatis
854 2031 994 2094 ecclesiis
1013 2048 1077 2093 una

143 2143 213 2187 cum
229 2125 327 2186 divini
342 2125 436 2187 officii
456 2125 666 2200 celebratione
684 2129 778 2190 Missa
798 2129 982 2210 quotidiana
1000 2143 1076 2189 con·

142 2222 333 2286 ueniualiter
347 2223 532 2284 celebretur.
543 2223 679 2304 Hacque
694 2224 787 2286 Missa
801 2225 896 2286 dehet
908 2243 966 2303 pro
981 2225 1075 2286 hene·

109 2349 112 2354 ·
142 2319 313 2382 tadoneus
328 2319 490 2398 applicari,
507 2327 542 2380 ut
555 2323 642 2398 patet
660 2338 698 2382 ex
719 2319 853 2382 decretis
872 2321 944 2399 Ggr.
965 2321 1072 2398 Cone,

143 2434 212 2498 quac
227 2417 306 2478 dum
320 2427 413 2497 urget
426 2417 487 2478 hoc
500 2425 705 2496 praeceptum,
719 2417 798 2480 solet
811 2424 918 2479 minen
933 2433 1013 2478 onus
1026 2433 1075 2478 re-

142 2516 266 2577 mittere
281 2520 376 2594 atque
396 2515 581 2580 contrahere
600 2515 640 2576 ed
660 2515 743 2578 solos
762 2515 829 2576 dies
847 2515 954 2592 festos,
970 2511 1075 2578 sisini
1112 2521 1115 2525 ⁴

141 2611 251 2691 inopes
266 2611 453 2690 presbyteri.

180 2710 340 2776 Preterea
357 2708 380 2770 ii
397 2711 544 2772 tenentur
562 2706 616 2788 qui
635 2697 787 2789 singulari
808 2708 936 2787 beneficii
954 2708 1005 2771 vel
1025 2726 1075 2770 cc·

141 2803 277 2886 pedanio
295 2803 385 2866 titulo
408 2805 448 2864 ed
467 2803 647 2884 hujusmodi
666 2805 804 2866 officium
823 2806 1072 2886 adstringuntur,

142 2903 190 2964 vel
204 2901 397 2980 stipendium
412 2919 467 2979 pre
482 2901 577 2964 Missa
590 2901 779 2965 celebranda
792 2908 992 2983 acceperunt.

180 2999 234 3060 lli.
251 2998 342 3070 Quod
356 3015 430 3062 vero
445 2997 582 3078 pertinet
599 2999 641 3060 ed
660 3000 853 3064 audientiam
870 2999 990 3078 populi,
1008 2999 1075 3060 uni-

142 3093 254 3173 cuique
274 3099 385 3156 notum
406 3101 454 3157 eet
471 3094 631 3174 quomodo
650 3095 801 3158 festorum
821 3092 1022 3158 observantie
1042 3093 1074 3158 in

144 3189 332 3252 abstinentia
361 3189 401 3250 ab
430 3189 577 3270 operibus
605 3191 769 3254 servilibus
797 3196 828 3252 et
854 3191 886 3250 in
914 3187 1074 3254 auditione

111 3330 114 3336 ,
144 3287 243 3350 Missa
265 3287 426 3352 consistat.
443 3290 488 3372 De
508 3288 546 3351 iis
564 3288 629 3351 late
650 3290 759 3350 dicunt
780 3290 960 3352 moralistae.
984 3291 1019 3352 In
1040 3307 1074 3350 re

144 3394 250 3448 nostre
264 3386 497 3450 observandum
512 3391 634 3449 leuium
647 3387 732 3467 quod
747 3387 839 3468 juxta
857 3393 997 3452 veterem
1010 3387 1076 3449 dis-

146 3479 292 3560 ciphnam
319 3480 357 3542 iis
384 3481 494 3546 diebus
522 3481 635 3561 singuli
664 3480 823 3546 debebant
855 3481 1006 3546 accedere
1033 3478 1075 3542 ud
