2504 4024
177 247 232 306 152
382 255 713 302 1usr1rurrouasrua1s
735 255 890 302 cruorum.

174 404 346 486 gnitionem
361 400 402 462 ad
416 418 450 462 se
464 402 636 476 traxerunt,
653 399 769 480 quippe
784 418 835 461 res
854 401 1023 480 spiritualis
1037 407 1107 466 erat

175 499 313 580 profanis
325 497 484 578 judicibus
498 513 561 558 non
576 497 782 558 attrectanda.

214 598 266 658 XI.
297 595 387 668 Quod
415 598 521 657 autem
544 596 722 655 contractus
748 594 929 674 etquidem
953 596 1107 658 naturalis

164 691 364 776 ¹matrimonii
379 690 419 752 sit
432 695 676 766 sacramentum,
692 693 779 767 patet
796 709 803 751 ε
838 736 841 740 -

215 792 245 850 1ο
264 789 310 850 Ex
329 787 463 862 Christe,
480 786 603 860 Matth.‚
620 802 684 860 x1x,
700 786 754 846 ubi
775 787 878 865 legem
899 787 1106 866 promulgans

175 880 363 945 matrimonii
382 879 553 955 christiani,
569 878 647 940 illud
666 882 793 941 revocat
813 879 845 939 in
865 897 955 941 suam
974 880 1106 959 primiti-

174 997 246 1040 vam
261 976 497 1038 institutionem.

213 1079 244 1136 2⁰
263 1075 310 1134 Ex
328 1072 425 1134 Paulo
445 1070 486 1131 ad
507 1069 624 1132 Corint.
640 1059 685 1148 ln,
709 1069 762 1131 uhi
781 1074 929 1134 revocate
946 1072 1109 1152 primitiva

174 1168 313 1250 conjugii
326 1167 519 1229 institutione
533 1165 622 1228 addit
639 1187 645 1227 :
663 1166 715 1228 hoe
727 1176 951 1246 sacromentum,
964 1173 1023 1231 etc.
1041 1172 1107 1232 Nec

174 1267 261 1327 dicas
271 1266 345 1326 hinc
355 1263 449 1325 etiam
462 1261 637 1323 infidelium
647 1262 838 1324 connubium
848 1281 916 1326 esse
927 1283 1109 1326 sacramen-

174 1367 254 1436 tum,
271 1362 315 1424 sic
335 1362 418 1423 enim
436 1365 583 1422 vocatum
597 1359 637 1419 ah
652 1359 719 1440 ipso
734 1360 914 1422 Innocentio
929 1363 970 1422 ΙΙΙ
992 1363 1030 1442 (e.
1049 1380 1109 1426 vm

175 1456 214 1517 de
236 1453 381 1533 Divort.).
404 1453 490 1514 Licet
510 1455 638 1513 maneat
657 1452 689 1512 in
711 1470 768 1513 sua
782 1453 938 1516 abstracta
952 1455 1110 1535 significa·

174 1553 270 1627 tione,
287 1568 349 1612 non
364 1550 418 1611 fiet
432 1550 557 1629 signum
571 1547 746 1627 practicam
761 1551 791 1611 et
805 1550 916 1611 efficax
927 1551 1049 1629 gratiae,
1066 1552 1109 1612 ob

175 1642 388 1706 conditionem
403 1639 668 1703 contrahentium.

215 1742 247 1800 3⁰
261 1738 420 1819 Eugenius
435 1739 476 1800 IV
490 1754 547 1815 pro
562 1737 766 1799 instructione
780 1740 988 1798 Armenorum
1004 1759 1011 1799 ε
1030 1741 1111 1819 Sep-

176 1837 289 1897 timum
303 1837 351 1895 est
364 1834 597 1894 sacramentum
610 1833 812 1911 matrimonii,
825 1833 908 1913 quod
924 1839 970 1896 est
984 1834 1111 1915 signum

177 1930 404 2011 conjunctionis
424 1928 537 1992 Christi
557 1947 629 1990 eum
648 1930 825 1992 Ecclesia...
849 1932 950 1993 Causa
969 1930 1111 1992 efficiens

176 2029 366 2092 matrimonii
381 2032 429 2090 est
442 2032 570 2091 mutuus
589 2046 759 2091 consensus
777 2047 835 2107 per
851 2029 949 2091 verba
969 2029 1008 2090 de
1030 2047 1112 2108 prar-

177 2125 257 2188 senti
272 2125 458 2205 regulariter
473 2143 649 2205 expressus.

216 2230 249 2287 4⁰
269 2225 410 2286 Trident.
429 2226 517 2287 Sacc.
543 2227 581 2285 24
603 2224 642 2284 de
663 2240 744 2285 sacr.
769 2224 922 2296 matrim.;
946 2224 1112 2303 praemissa

178 2322 371 2384 institutione
387 2321 546 2400 primitiva
563 2340 570 2382 :
588 2319 726 2381 Gratiam
744 2337 813 2398 quae
833 2320 1009 2380 naturalem
1022 2318 1113 2379 illum

179 2436 319 2479 amorem
334 2418 511 2496 perficeret,
529 2421 560 2477 et
572 2414 821 2476 indissolubilem
840 2417 991 2478 unitatem
1005 2417 1113 2476 firma-

178 2515 237 2586 ret,
254 2512 459 2591 conjugisque
475 2512 695 2586 sanctificaret,
711 2510 777 2590 ipse
792 2509 970 2574 Christus...
983 2530 1042 2574 sua
1055 2531 1114 2573 no-

178 2605 227 2664 his
242 2604 386 2682 passione
401 2605 586 2684 promeruit.

218 2699 258 2758 Et
270 2697 353 2758 infra
369 2717 376 2757 :
393 2700 471 2759 Cum
485 2698 582 2776 ign'tur
595 2696 831 2758 matrimonium
843 2698 876 2758 in
890 2698 960 2778 lege
975 2717 1114 2778 evange-

178 2795 240 2856 lica
252 2793 411 2868 veteribus
426 2793 590 2855 connubiis
604 2811 661 2873 per
675 2793 834 2855 Christum
852 2795 955 2874 gratia
970 2799 1111 2875 praestet,

180 2889 291 2952 merito
305 2889 388 2951 inter
406 2907 496 2951 novae
514 2889 593 2968 legis
612 2893 808 2953 sacramenta
825 2893 1111 2968 annumerandum,

181 2988 288 3051 Sancti
303 2989 411 3050 Patres
429 2986 538 3064 nostri,
556 2987 688 3048 concilia
708 2992 739 3048 et
759 2987 944 3050 universalis
964 2989 1112 3052 Ecclesiae

180 3085 306 3148 traditio
321 3102 447 3162 semper
461 3083 646 3144 docuerunt.

221 3181 294 3240 Pius
309 3182 360 3256 Vl,
377 3180 427 3241 die
443 3183 481 3242 16
496 3183 574 3260 sept.
599 3181 676 3241 1788
694 3179 736 3240 ad
754 3179 945 3259 Episcopum
963 3180 1115 3243 Motolen·

182 3276 293 3336 semin
308 3294 405 3356 regno
421 3277 625 3354 Neapolitano
643 3295 649 3336 :
672 3276 793 3354 Dogma
808 3275 882 3336 fidei
898 3281 945 3338 est
959 3282 993 3336 ut
1007 3278 1114 3339 matri·

182 3369 322 3428 monium
337 3371 421 3449 quod
435 3376 508 3433 ante
522 3373 692 3432 adventum
711 3372 826 3434 Christi
844 3371 921 3433 nihil
940 3371 1025 3432 aliud
1046 3375 1116 3432 erat

182 3461 241 3522 nisi
254 3460 477 3526 indissolubilis
488 3465 616 3544 quidam
630 3470 821 3542 contractus,
830 3465 908 3528 illud
918 3469 989 3545 post
999 3465 1115 3526 Christi
