2476 4022
165 221 202 280 tr
370 231 597 278 rusrrromcuos
619 229 701 276 runis
724 229 879 276 canonici.

164 372 318 438 cindendc
333 373 429 436 etiam
442 391 462 434 a
474 378 634 453 precepto
648 372 783 450 positivo
801 391 863 453 quo
883 373 1008 436 illorum
1028 392 1094 435 sns-

163 469 265 548 ceptio
280 469 421 549 inJ'nncta
435 468 528 529 fuerit
541 467 770 546 prescindendo
781 487 800 528 a
810 469 903 548 culpa
917 468 1095 530 amissionis

164 565 346 640 eorundem,
363 565 530 626 intrinsece
544 568 616 626 sunt
631 563 808 626 necessaria
827 567 861 625 ut
882 566 976 626 homo
997 564 1095 626 finem

163 676 255 720 suum
283 663 477 738 assequatur.
507 661 574 720 Duo
602 658 670 719 haec
694 661 890 720 sacramenta
914 661 1096 738 supponunt

163 753 323 814 hominem
341 753 373 814 in
390 757 472 814 statu
487 752 607 830 peccati
622 753 836 829 const'tutum,
853 743 988 834 ideoque
1003 754 1094 814 deor-

164 849 305 911 dinatum
327 866 346 908 a
365 849 435 908 finis
457 847 555 908 ultimi
579 849 786 926 assecutione,
810 867 867 908 neo
888 849 978 911 aliter
999 867 1094 928 qnam

163 957 221 1017 per
234 956 343 998 eorum
353 939 582 1018 susceptionem
590 959 680 1018 posse
692 941 805 1003 iterum
816 942 847 1002 in
857 943 953 1004 finem
969 946 1094 1006 ordina*

163 1033 200 1094 ri.
213 1033 301 1094 Talia
310 1035 383 1094 sunt
398 1033 571 1113 baptismus
587 1041 618 1097 et
632 1037 832 1115 poenitentia;
849 1038 968 1118 primus
983 1039 1095 1099 intrin-

163 1145 233 1190 sece
248 1132 279 1189 et
293 1127 444 1205 absolute,
461 1129 645 1207 poenitentia
658 1151 733 1194 vero
749 1132 915 1194 intrinsece
925 1134 981 1194 sed
992 1136 1096 1213 hypo·

162 1222 277 1284 tbetiee
292 1225 468 1285 necessaria
482 1231 555 1286 sunt
568 1229 602 1288 ut
617 1227 796 1306 quistinam
815 1230 963 1310 consequi
982 1230 1092 1307 possit.

202 1325 314 1386 Cetera
326 1328 534 1402 sacramenta,
550 1326 665 1405 quippe
681 1345 751 1405 quae
773 1326 957 1389 ordinentur
975 1347 1037 1388 non
1052 1329 1094 1389 ad

163 1421 298 1500 primam
311 1421 457 1499 gratiam,
474 1439 538 1481 non
553 1423 594 1482 ad
607 1423 860 1500 restaurandum,
877 1423 927 1484 sed
942 1423 1094 1504 perficien-
1134 1435 1139 1442 '

162 1515 231 1576 dam
246 1515 398 1590 ordinem,
412 1516 530 1576 nullam
546 1516 584 1576 de
599 1535 632 1577 se
647 1517 755 1578 dicunt
769 1518 970 1579 intrinsecam
984 1536 1094 1578 neces-

162 1612 286 1674 sitatem
306 1629 362 1691 pro
384 1612 455 1672 finis
479 1613 685 1674 assecutione.
710 1613 772 1674 Sed
797 1631 868 1674 cum
892 1614 1031 1676 Christus
1054 1633 1093 1676 ea

162 1721 223 1764 non
245 1704 444 1782 proposuerit
464 1707 616 1783 tanquam
636 1724 686 1766 res
708 1707 1006 1786 supererogatorias,
1030 1724 1093 1767 non

161 1805 312 1877 tanquam
327 1798 366 1858 de
381 1798 520 1874 oonsilio,
533 1799 588 1859 sed
604 1801 738 1860 voluerit
752 1819 771 1860 a
786 1800 968 1862 Christianis
983 1801 1090 1879 recipi,

162 1909 200 1952 ex
221 1892 280 1952 hae
298 1891 432 1969 positiva
450 1891 609 1952 voluntate
624 1892 749 1968 Christi,
762 1892 932 1972 quamdam
943 1893 1094 1954 extrinse-

162 2005 231 2048 cam
248 1987 437 2048 contrahunt
458 1987 677 2047 necessitatem
697 1987 738 2047 ad
758 1988 828 2048 finis
850 1989 1090 2064 assecutionem,

160 2081 193 2140 in
209 2084 360 2160 quantum
369 2096 480 2160 nempe
492 2082 584 2144 homo
595 2084 628 2143 in
638 2083 730 2162 culpa
740 2083 834 2143 fuerit
844 2083 896 2163 qui
908 2083 1020 2144 eadem
1030 2101 1093 2145 non

161 2177 325 2256 reciperet,
336 2195 408 2238 eum
419 2177 592 2238 divinumm
603 2177 753 2239 andatum
765 2183 976 2258 transgressus
986 2178 1090 2240 fuerit.

202 2275 406 2336 Sacramenta
428 2273 534 2353 igitur,
562 2274 762 2335 considerata
786 2275 890 2354 quoad
914 2276 1093 2336 nniversam

161 2370 353 2447 Ecclesiam,
388 2371 506 2431 hebent
532 2369 675 2430 ordinem
703 2369 896 2432 necessitatis
923 2371 956 2432 in
983 2372 1089 2431 finem.

163 2465 271 2536 Quoad
286 2464 436 2544 singulos,
453 2464 516 2526 duo
531 2469 603 2528 sunt
618 2483 688 2544 quoe
703 2469 830 2527 servant
848 2466 990 2526 ordinem
1005 2483 1092 2544 purae

162 2560 383 2638 contingentiae
398 2578 471 2620 cum
487 2561 557 2620 finis
576 2563 787 2636 assecutione;
809 2562 892 2623 unde
912 2561 1093 2624 omnimode

162 2656 310 2736 competit
323 2657 453 2718 libertas
467 2658 596 2720 cuilibet
610 2659 785 2720 Christiano
796 2663 832 2721 nt
840 2678 879 2719 ee
888 2660 1019 2738 recipiat
1033 2678 1091 2720 nee

161 2772 219 2828 ne;
244 2754 308 2815 imo
333 2752 529 2832 repelluntur
556 2754 587 2814 hi
617 2755 670 2834 qui
698 2773 762 2816 non
784 2754 889 2817 idonei
912 2758 996 2816 sunt.
1023 2755 1093 2815 Alia

161 2851 279 2912 habent
293 2849 436 2911 ordinem
451 2851 644 2913 necessitatis
659 2852 691 2912 in
705 2851 811 2928 finem,
829 2851 884 2911 sed
904 2851 966 2911 duo
986 2851 1025 2911 de
1040 2869 1093 2910 ne·

161 2945 305 3008 cessitate
317 2945 424 3022 medii,
437 2947 482 3007 ita
496 2949 530 3008 ut
544 2946 741 3025 inculpabilis
756 2948 869 3007 horum
882 2951 1093 3010 sacramento-

160 3062 230 3104 rum
252 3043 392 3105 carentia
414 3042 566 3120 impediat
587 3044 754 3122 quominus
775 3044 880 3121 homo,
902 3045 942 3105 ob
963 3047 1093 3123 peccata

161 3156 231 3216 quae
246 3141 474 3220 supponuntur,
486 3138 581 3198 finem
592 3143 812 3218 consequatur.
825 3141 934 3202 Cetera
949 3139 1009 3202 tria
1020 3142 1093 3200 sunt

161 3234 201 3293 de
215 3237 400 3298 necessitate
414 3237 563 3316 proecepti
579 3240 711 3312 tantum,
728 3237 807 3298 adeo
824 3241 858 3299 ut
875 3239 947 3298 finis
967 3256 1093 3298 assecu-

161 3330 279 3392 tionem
296 3331 470 3410 impediant
487 3336 642 3413 quatenus
662 3333 757 3396 homo
776 3335 972 3416 culpabiliter
990 3333 1091 3395 abeis

164 3425 360 3487 abstinuerit.
