2530 4016
382 275 421 326 bn
443 277 571 327 cessero
592 280 676 326 rums
697 277 853 327 canorum.
1028 263 1086 328 277

308 481 319 527 ᾗ
336 474 384 519 111.
398 487 427 520 uu
441 485 520 520 rnsrrs
535 487 664 521 renrocrors
678 487 706 521 cu
723 487 783 521 anuo
798 487 823 520 m
840 488 930 522 lunen.

193 590 288 651 XXV.
309 589 427 648 Praeter
447 585 624 646 Dominicas
645 591 677 647 et
698 585 792 647 ferias
815 604 885 666 quea
919 587 1087 652 conficiunt

152 688 310 747 texturam
324 683 506 763 generalem
519 682 694 752 kalendarii
704 682 876 760 christiani,
887 684 990 760 prouti
1004 686 1087 746 Deus

152 781 242 860 cujus
261 779 357 842 cultui
378 777 536 840 ordinario
550 778 731 840 immediate
747 779 938 856 referuntur,
957 783 1004 842 est
1032 768 1088 841 ob-

149 877 269 957 jectum
284 875 469 955 principale,
486 875 672 954 primarium
686 879 718 938 et
731 875 966 938 fundamentale
985 874 1087 938 cultus

153 972 325 1054 christiani,
351 971 404 1032 alii
426 971 531 1051 plures
553 975 626 1034 sunt
639 972 705 1034 dies
724 971 793 1034 festi
810 973 864 1053 qui
882 971 968 1033 feriis
983 977 1014 1034 et
1033 973 1088 1034 do-

151 1067 274 1128 minicis
293 1059 532 1144 connectuntur,
549 1072 580 1129 et
601 1069 697 1129 variis
711 1069 801 1129 annis
817 1087 873 1148 pro
899 1069 1016 1130 rituum
1031 1087 1087 1131 va-

151 1162 262 1225 rietate
270 1163 330 1226 sibi
343 1163 478 1224 invicem
493 1169 672 1226 occurrunt.
683 1164 740 1227 Vel
751 1182 861 1226 secum
876 1168 1082 1240 concurrunt;

152 1263 183 1320 et
197 1277 235 1319 ex
249 1259 389 1320 omnium
403 1259 569 1338 complexu
576 1261 708 1322 resultat
720 1260 841 1340 integre
856 1260 963 1338 cyclus
978 1261 1086 1321 kalen-

152 1355 232 1418 darii
247 1355 459 1418 ecclesiastici.

192 1453 271 1513 Sunt
285 1455 391 1514 autem
405 1450 519 1514 hidiae
534 1450 604 1512 festi
619 1450 786 1530 quotannis
801 1451 963 1531 periodici,
982 1455 1012 1514 et
1027 1469 1083 1530 pro

151 1546 302 1610 varietate
326 1547 442 1627 objecti
466 1549 550 1629 quod
574 1547 735 1610 celebrent
756 1547 789 1608 in
820 1555 884 1610 tres
908 1549 1081 1629 categorias

152 1647 283 1723 possunt
297 1645 457 1725 distingui.

190 1738 251 1800 Alii
264 1744 338 1800 sunt
358 1739 448 1810 sacri,
473 1758 586 1818 nempe
611 1741 826 1802 anniversaria
852 1759 921 1822 quae
943 1740 1084 1802 Ecclesia

151 1835 289 1898 celebrat
308 1835 341 1896 in
360 1837 546 1897 memoriam
565 1836 663 1898 felicis
684 1839 793 1899 mortis
813 1840 993 1899 sanctorum
1013 1855 1084 1897 suo-

150 1949 220 1993 rum
234 1935 410 2010 martyrum
429 1935 483 1994 aut
503 1931 728 2010 confessorum,
747 1951 882 2013 quorum
904 1950 989 1994 mors
1011 1950 1084 1992 cum

149 2027 209 2088 illis
224 2027 317 2090 luerit
336 2027 450 2089 natalis
464 2029 505 2090 ad
520 2029 629 2104 vitam,
646 2028 726 2090 solet
741 2029 852 2090 natalis
868 2031 923 2090 aut
937 2028 1083 2090 natalite-

149 2123 184 2185 tii
199 2127 325 2187 nomine
339 2127 372 2187 in
387 2126 577 2188 kalendariis
591 2123 761 2206 designari.
778 2192 779 2195 Ἴ

189 2219 251 2281 Alii
264 2222 337 2282 sunt
350 2219 433 2282 sacri
446 2237 581 2300 quorum
596 2217 754 2299 objectum
767 2221 839 2281 sunt
848 2218 998 2297 mysteria
1011 2219 1082 2280 vitae

151 2319 182 2390 et
194 2317 303 2377 mortis
318 2321 350 2377 et
367 2316 475 2396 gloriae
494 2317 529 2377 Β.
542 2314 653 2378 'Mariae
667 2313 815 2394 Virginis,
839 2313 952 2394 quibus
972 2313 1083 2373 recoli·
1109 2352 1113 2359 -
1156 2336 1157 2339 ¹

150 2429 219 2472 mus
232 2411 315 2472 illius
329 2412 566 2474 Immaculatam
590 2412 849 2490 Conceptionem,
867 2409 1080 2484 Nativitatem,

149 2508 464 2571 denuntiationem...
483 2507 740 2586 Assumptionem
753 2508 785 2568 in
799 2507 945 2588 gloriam.

190 2601 250 2663 Alii
272 2602 400 2664 demum
422 2603 559 2682 potiores
586 2599 711 2663 coeteris
732 2604 805 2662 sunt
828 2600 908 2679 sacri
931 2599 1083 2680 mysteria

150 2699 335 2774 recolentes,
353 2697 539 2774 Nativitatis‚
553 2697 799 2759 Resurrecticnis
807 2696 919 2759 Christi
929 2701 959 2760 et
967 2697 1083 2759 adven-

149 2797 198 2855 tus
214 2793 347 2873 Spiritus
371 2793 490 2870 sanoti3
507 2794 551 2856 ita
566 2796 600 2855 ut
622 2795 813 2856 constituant
826 2797 889 2856 tres
904 2794 1083 2872 potissimas

148 2891 362 2953 solemnitates
377 2891 622 2964 ecclesiasticas3
639 2890 786 2953 videlicet
801 2889 926 2964 Natalc,
948 2887 1080 2962 Pascha,

149 2990 354 3050 Pentecosten
365 2986 378 3065 ,’
399 3006 469 3068 quae
490 2989 576 3050 velut
598 2989 631 3049 in
657 2992 722 3050 tres
743 3003 875 3065 magnos
897 2984 1001 3062 cyclos
1024 2982 1084 3042 sibi

149 3084 340 3146 distribuunt
348 3078 530 3146 universum
544 3101 663 3146 annum
678 3081 934 3155 ecclesiasticum,
952 3083 983 3140 et
997 3075 1083 3138 feriis

148 3185 179 3243 et
198 3182 361 3244 dominicis
381 3174 639 3245 antecedentibus
665 3183 696 3242 et
719 3177 985 3259 consequentibus
1006 3175 1083 3236 dant

149 3295 275 3342 nomen.

188 3375 283 3437 Varia
292 3374 343 3435 hic
357 3373 493 3436 dicenda
502 3375 705 3435 occurrerent·
717 3372 756 3433 de
770 3369 950 3431 diversitate
965 3368 1082 3432 rituum

146 3487 216 3549 qua
231 3471 400 3549 respondet
414 3470 463 3531 bis
478 3469 563 3530 festis
587 3468 619 3528 in
635 3467 762 3547 liturgia
777 3463 1000 3540 ecclesiastica,
1019 3480 1081 3522 non

236 3590 301 3630 rou.
324 3591 355 3630 ιι.
960 3573 992 3625 ld
