2548 4020
196 245 253 304 182
402 253 630 302 msmrorlonos
651 255 734 301 tonis
756 253 911 302 caunum.

194 407 268 465 vote
287 400 449 480 simplicia,
467 405 498 463 et
512 401 643 464 alteram
662 400 890 479 provectiorem
903 400 935 461 in
954 418 1018 481 que
1036 403 1126 466 emit·

194 503 301 586 tuntur
314 501 388 559 vota
403 497 554 560 solemnia
575 496 863 577 (constitutionibus
883 497 1024 578 Gregorii
1040 501 1123 561 ΧΙΙΙ.

195 593 319 671 Quando
337 593 514 673 fructuosius
537 596 628 670 1582,
645 596 677 655 et
690 591 867 654 decendente
881 591 1005 654 Donzz'rto
1019 594 1121 674 1584).

194 694 309 753 Votum
331 690 483 752 eastitatis
510 691 595 769 quod
617 690 649 750 in
670 707 708 750 ea
729 688 920 767 professione
944 689 1048 750 minus
1072 709 1125 753 so-

192 786 288 848 lemni
317 785 483 863 emittitur,
505 785 734 870 aequiparatum
762 791 809 846 est
835 789 908 848 voto
936 786 1068 846 solemni
1089 786 1122 846 in

193 883 302 944 ordine
320 883 362 942 ed
383 883 633 944 contrahendum
656 881 890 950 matrimonium
912 882 992 963 (non
1016 886 1123 944 autem

193 977 409 1058 contractum).
426 981 541 1039 Votum
561 981 667 1038 autem
685 978 746 1039 hoc
759 977 936 1056 professum
956 977 1124 1057 obstringit

193 1091 356 1154 quousque
370 1075 403 1134 in
417 1073 566 1152 religione
583 1073 748 1135 societatis
761 1074 836 1136 lesu
850 1076 1049 1152 permaneat;
1062 1073 1122 1133 sol-

191 1168 276 1228 vitur
294 1170 400 1229 autem
418 1167 524 1229 statim
538 1184 575 1228 eo
588 1185 607 1227 a
621 1166 835 1245 superioribus
854 1165 992 1246 legitime
1013 1165 1123 1226 dimis-

191 1281 244 1324 sus
258 1250 363 1342 fuerit,
378 1266 413 1325 ut
427 1263 573 1325 observet
587 1263 671 1323 idem
685 1261 835 1342 pontifex,
852 1261 1011 1342 praedictis
1033 1279 1123 1324 oons-

190 1359 402 1438 titutionibus,
433 1363 465 1423 et
478 1364 562 1439 post
588 1359 705 1438 ipsum
718 1357 941 1420 animadvertit
967 1358 1125 1420 Benedic-

190 1460 319 1522 tuleV
336 1457 387 1538 (de
403 1459 479 1536 Syn.
496 1457 517 1518 l.
536 1460 584 1534 13,
601 1475 628 1518 c.
646 1456 762 1536 ll-oo).

230 1552 296 1612 lloc
309 1550 478 1629 praemissa
498 1551 625 1612 notione
646 1551 711 1612 voti
731 1549 880 1628 simplicis
905 1555 936 1612 et
960 1549 1121 1626 solemnis,

190 1649 221 1706 et
236 1645 344 1707 relicto
358 1647 530 1724 quaestione
546 1665 585 1707 au
597 1645 669 1726 jure
683 1647 812 1726 antiquo
828 1645 936 1725 agnita
949 1645 1043 1707 fuerit
1052 1646 1123 1706 hoec

189 1739 370 1801 solemnitas
390 1747 547 1819 votorum,
564 1743 751 1821 clipeorum
771 1741 913 1803 efficacia
932 1739 1035 1821 major
1053 1759 1123 1820 prm

189 1835 270 1897 votis
290 1834 482 1914 simplicibus
504 1837 637 1917 (Devoti,
654 1838 693 1898 de
714 1839 794 1916 lmp.
817 1841 881 1899 vot.
904 1871 945 1884 -·
965 1837 1121 1898 Berardi:

189 1931 228 1992 de
248 1931 379 1992 vinculis
402 1933 600 2011 voluntariis,
618 1933 705 2013 etc),
722 1934 886 1996 delinitum
909 1936 957 1996 est
979 1932 1124 2012 pluribus

187 2028 220 2086 in
234 2026 311 2088 locis
329 2026 410 2106 juris
424 2029 530 2091 ‘nostri
547 2029 687 2109 (Giraldi.
712 2029 876 2108 Appendix
892 2032 906 2091 l
923 2029 963 2089 ed
977 2030 999 2091 l.
1021 2033 1040 2089 4
1062 2031 1123 2090 De-

188 2125 280 2202 oret.)
295 2125 380 2202 quod
394 2129 503 2187 votum
514 2119 646 2206 simplex
655 2127 807 2188 castitatis
817 2125 968 2204 impediat¹
978 2125 1121 2204 quidem,

189 2236 252 2280 non
275 2219 402 2282 dirimat
424 2221 675 2295 matrimonium
702 2222 841 2284 solemne
864 2226 970 2283 eutem
993 2220 1123 2283 dirimat

188 2331 251 2375 non
270 2317 393 2376 tantum
412 2318 677 2395 contrahendum,
695 2318 750 2379 sed
765 2318 790 2378 si
805 2316 899 2378 fuerit
919 2317 1068 2378 emissum
1086 2317 1122 2378 in

188 2411 380 2489 professione
395 2413 565 2492 religionis,
583 2414 710 2474 dirimat
724 2414 820 2475 etiem
834 2418 907 2476 ante
922 2416 1121 2475 contractum

188 2505 285 2584 (qnod
299 2507 393 2568 fuerit
406 2515 510 2570 ratum
525 2514 556 2572 et
570 2528 632 2572 non
647 2508 910 2588 consummatum)
922 2529 960 2570 ex
970 2509 1121 2570 facultate

187 2603 372 2682 conjugibus
388 2604 510 2686 dejure
532 2610 691 2671 communi
712 2627 871 2686 concessa,
889 2610 943 2689 qui
961 2627 1024 2670 non
1046 2627 1120 2670 cen-

177 2701 496 2781 ‚santurrenuntiasse
505 2697 765 2768 in'favoremvitae
774 2705 978 2785 perfectioris,
989 2704 1118 2784 quaudo

186 2797 411 2857 contraxerunt
424 2799 671 2863 matrimonium.

224 2891 394 2968 Propterea
408 2891 446 2951 de
461 2891 529 2970 ipso
543 2892 611 2974 jure
627 2895 786 2955 communi
806 2894 1024 2956 conceduntur
1043 2910 1119 2954 con-

180 2982 308 3064 jugibus
329 2988 391 3048 duo
413 3005 537 3049 menses
558 2989 599 3049 ad
615 2990 855 3052 deliberandum
869 3008 908 3051 an
923 2989 1022 3050 velint
1044 2989 1117 3049 reli-

181 3080 308 3158 gionem
322 3081 456 3162 ingredi,
468 3101 527 3145 nec
536 3084 619 3145 intra
629 3085 689 3147 hoc
704 3088 829 3164 tempus
843 3088 947 3165 potest
961 3085 1116 3146 alteruter

181 3177 251 3254 cogi
272 3177 313 3236 ad
334 3177 411 3239 illud
438 3180 719 3242 consummandum
745 3180 830 3261 (cap.
856 3185 875 3244 8
899 3181 938 3242 de
958 3181 1113 3242 convers.

183 3269 336 3350 conjug).

219 3364 280 3425 Sed
300 3367 426 3446 ingenia
444 3372 678 3434 canonistarum
691 3376 784 3436 vexat
798 3373 954 3436 acerrime
976 3374 1113 3454 quaestio

175 3458 218 3544 de
236 3458 455 3540 investiganda
473 3466 611 3546 ratione,
627 3486 726 3548 quere
744 3470 886 3532 Ecclesia
903 3468 981 3530 tenti
1001 3469 1116 3532 feeerit
