2504 4024
390 321 428 365 nn
450 319 579 366 unisono
599 319 681 368 sonis
703 321 857 370 carorucr.
1030 315 1087 372 137

160 465 275 539 missio,
292 467 440 524 manente
459 461 593 524 vinculo.
610 465 682 525 Jam
700 482 775 526 vero
790 466 930 530 Christus
949 487 1011 532 non
1031 489 1089 550 po·

159 564 240 623 terat
262 559 444 646 immediate
472 559 662 638 respondere
690 560 854 639 questioni
884 563 1086 644 disciplinari,

161 654 233 734 quia
252 672 326 714 cum
344 653 475 732 quaestio
489 651 697 731 disciplinaris
717 653 906 717 fulciebatur
926 660 1087 736 supposito

161 750 337 828 dogmatice
358 765 501 824 erroneo,
517 747 690 826 periculum
711 753 789 825 erat,
806 768 845 810 ne
867 753 1086 828 respondendo

161 846 325 926 quaestioni
340 843 541 922 disciplinari,
559 844 755 922 suppositum
768 843 845 905 illud
860 847 1085 909 confirmasset.

197 941 282 1018 Ergo
296 937 405 999 debuit
418 937 613 1016 suppositum
628 940 768 998 evadere
783 938 881 1016 priua,
893 943 925 1001 et
934 939 1088 1002 itetutam

160 1035 218 1097 sibi
241 1035 326 1095 viam
349 1051 460 1112 perere
479 1034 520 1094 ad
535 1033 722 1095 solutionem
746 1036 926 1116 quaestionis
950 1036 1088 1116 discipli-

161 1129 255 1190 naris.
276 1128 380 1190 Posito
403 1144 478 1206 ergo
497 1126 581 1206 quod
605 1127 795 1187 matrimonii
822 1129 983 1191 vinculum
1005 1133 1088 1190 esset

159 1224 334 1301 insolubile,
351 1221 479 1303 vigebat
492 1222 596 1283 adhue
612 1222 742 1301 questio
761 1223 933 1302 proposita,
949 1243 1001 1301 en,
1018 1243 1088 1286 ma-

159 1324 251 1380 nente
274 1317 413 1392 vinculo,
430 1316 536 1395 aliqua
557 1334 595 1375 ex
616 1333 712 1376 causa
731 1321 840 1394 posset
859 1335 938 1378 uxor
959 1319 1083 1381 dimitti.

159 1415 298 1475 Christus
313 1412 483 1490 respondet
496 1411 682 1473 affirmative
693 1417 724 1472 et
733 1412 880 1490 proponit
894 1413 1086 1475 ordinariam

159 1508 319 1570 solutionis
342 1525 488 1568 causam:
505 1505 738 1585 fornicationem.
764 1505 981 1586 Evangelista‚
1007 1509 1088 1570 siout

158 1608 365 1682 proposuerat
375 1597 778 1682 implicitaminquaestione
789 1601 979 1681 disciplinari
987 1621 1087 1683 quaes-

158 1699 275 1760 tionem
294 1699 506 1779 dogmaticam
519 1687 763 1775 Pharisaeornm,
780 1697 824 1759 ita
837 1698 869 1757 in
884 1699 1086 1776 responsione

159 1795 197 1856 ad
221 1812 351 1856 eausam
380 1793 591 1875 dogmaticam
617 1793 749 1856 includit
780 1795 1017 1873 responsionem
1045 1795 1086 1855 ad

159 1910 286 1954 cansam
301 1890 544 1970 disciplinarem.

195 1991 297 2049 Lucas
318 1990 350 2049 et
370 1987 485 2048 Paulus
501 1986 553 2066 (ad
575 1984 763 2064 Corinthios)
778 1985 941 2064 proferunt
961 1991 1087 2048 senten-

157 2084 231 2146 tiam
246 2082 459 2162 dogmaticam
473 2081 626 2157 absolute,
639 2081 714 2160 quin
729 2080 867 2144 referant
881 2082 1086 2159 questionem
1150 2137 1153 2143 .

158 2179 401 2257 disciplinarum.
419 2179 543 2240 Marcus
557 2176 654 2237 refert
668 2175 873 2255 quaestionem
894 2176 1087 2254 propositam

158 2273 365 2349 aPharisaeis‚
382 2274 437 2335 sed
458 2272 646 2351 praesoendit
666 2290 686 2331 a
707 2268 878 2350 quaestione
894 2268 1087 2347 disciplinari

158 2374 188 2432 et
209 2370 358 2448 proponit
380 2369 585 2449 quaestionem
612 2365 846 2446 dogmaticam:
868 2365 900 2426 Si
923 2366 997 2426 licet
1018 2365 1085 2426 viro

158 2466 313 2528 dimittere
337 2483 477 2527 uxorem.
494 2467 569 2526 Haec
594 2481 689 2526 causa
711 2468 758 2523 est
772 2479 870 2541 quere
893 2478 956 2523 non
977 2460 1088 2522 hebuit

157 2563 372 2641 exceptionem
387 2579 483 2642 quam
497 2561 593 2623 hahet
606 2559 772 2622 Mathaeus.

195 2656 301 2718 Posito
321 2658 428 2716 autem
448 2655 533 2735 quod
547 2655 617 2715 hece
631 2651 725 2715 fuerit
747 2650 882 2715 Mathai·
896 2669 996 2728 meus,
1013 2669 1088 2731 quo-

157 2755 250 2816 modo
273 2752 467 2832 explicetur:
486 2752 548 2828 Oui
561 2751 704 2814 dimiserit
729 2770 850 2812 onorem
873 2767 954 2812 soom
978 2750 1037 2812 nisi
1052 2750 1088 2810 ob

156 2850 373 2929 fornicationem
393 2857 421 2910 et
440 2848 530 2909 oliam
549 2847 677 2924 decerit,
694 2844 872 2909 mechatur?
885 2848 919 2906 ln
935 2845 1087 2908 similibus

156 2943 420 3024 propositionibus
444 2960 514 3022 quae
537 2944 682 3003 constent
703 2941 825 3001 duabus
848 2937 964 3014 incisis,
982 2941 1013 2999 et
1034 2938 1088 2998 ha·

156 3041 230 3102 bent
244 3041 376 3101 verbum
390 3040 495 3122 finale,
512 3039 644 3100 verbum
658 3037 697 3098 de
713 3041 826 3099 natura
840 3051 898 3094 sua
911 3034 952 3094 ad
968 3036 1088 3094 utrum-

158 3154 216 3216 qne
244 3134 376 3196 incisam
405 3133 595 3215 porrigitur3
630 3131 687 3193 sed
716 3131 859 3192 limitatio
891 3145 960 3208 quae
991 3145 1089 3188 unum

157 3229 290 3290 incisum
304 3228 401 3289 aflicit
414 3246 476 3289 non
491 3230 594 3307 potest
607 3226 649 3287 ad
664 3226 749 3287 eliud
764 3223 921 3303 protendi.
936 3222 1087 3303 Exemplo

158 3324 197 3384 sit
209 3325 278 3385 haec
292 3323 463 3402 propositio
477 3343 485 3385 ε

197 3419 229 3480 Si
249 3419 319 3498 quis
336 3419 492 3499 jejunium
510 3434 574 3478 non
594 3413 784 3490 servaverit,
803 3413 864 3474 nisi
884 3413 1012 3477 obtenta
1031 3414 1095 3474 dis-

158 3514 355 3593 pensatione,
375 3515 425 3575 vel
443 3513 502 3574 nisi
521 3510 709 3573 infirmitatis
731 3527 844 3587 cause,
862 3513 895 3572 et
909 3529 941 3570 se
955 3508 1090 3570 inebria-

973 3603 1002 3656 8*
