2504 4024
165 287 221 346 lle
374 291 602 341 rrsrrrorrorns
623 293 705 338 rums
727 273 882 338 cruorum.

165 441 283 506 clericis
305 455 467 513 concessa,
494 439 526 497 et
546 435 585 497 ab
606 435 682 513 ipsis
703 434 902 513 opinionibus
922 435 997 496 hinc
1021 438 1095 499 inde

165 536 448 598 citatisinstruotus
469 531 551 611 quod
575 549 632 592 nec
654 547 745 592 omne
767 530 877 610 adjus
900 531 1042 592 divinum
1063 534 1096 593 in

164 635 224 694 hoe
239 629 401 710 privilegio
416 627 616 688 referendum
630 629 687 703 est,
706 643 763 686 nec
785 629 885 688 totum
907 627 948 687 ad
965 627 1018 707 jus
1040 630 1097 689 hu-

164 744 304 801 manum,
321 725 377 784 sed
391 724 492 802 primo
506 724 575 784 loco
588 739 736 783 recenseo
751 722 834 783 inter
848 741 885 782 ea
899 741 969 802 quae
984 723 1097 784 funda-

165 827 307 884 mentum
329 825 359 882 et
382 819 633 881 convenientiam
654 818 781 897 quidem
796 817 914 880 habent
934 837 1006 879 cum
1024 819 1097 900 jure

167 917 283 992 divino,
300 913 356 974 sed
367 913 439 992 jure
454 913 593 972 humano
608 914 724 973 statuta
738 913 821 987 sunt,
843 913 874 971 et
892 911 936 972 ite
954 911 1032 972 milri
1051 912 1099 972 vi-

167 1010 244 1069 deor
266 1007 425 1066 cohaerere
448 1006 543 1066 Gonc.
569 1004 655 1064 Trid.
686 1021 762 1064 sess.
792 1007 841 1080 25,
872 1023 900 1066 c.
929 1007 979 1080 20,
1011 1006 1096 1084 quod

167 1107 333 1181 utrumque
348 1102 537 1162 elementum
553 1099 617 1160 sive
629 1098 710 1177 juris
725 1099 821 1160 divini
836 1100 902 1161 sive
921 1101 1051 1161 humani
1065 1102 1098 1161 in

167 1195 260 1274 hujus
278 1194 358 1274 juris
379 1193 600 1254 constitutione
622 1191 846 1253 animadvertit
866 1211 962 1270 quum
984 1193 1096 1254 dieat:

172 1314 187 1350 o
199 1290 345 1352 Ecclesiae
361 1293 392 1350 et
405 1304 611 1367 personarum
625 1287 906 1349 ecclesiasticarum
917 1288 1099 1349 immunitas

168 1389 224 1449 Dei
247 1385 443 1448 ordinatione
466 1389 496 1446 et
517 1383 675 1445 canonicis
697 1383 909 1444 sanctionibus
929 1384 1100 1446 constitute

169 1485 226 1540 est.
243 1501 257 1536 r
275 1479 395 1537 —Hoc
416 1479 521 1537 autem
542 1475 586 1536 sio
606 1475 726 1553 explico
749 1495 756 1536 :
778 1475 889 1536 Clerici
907 1476 1100 1537 considerari

169 1579 301 1655 possunt
315 1593 378 1654 qua
392 1573 497 1635 clerici
511 1576 542 1634 et
561 1591 624 1651 qua
641 1571 737 1634 cirea.
759 1573 826 1644 Qua
845 1572 947 1634 clerici
962 1572 1035 1653 jure
1055 1574 1101 1634 di-

169 1671 242 1731 vino
267 1671 444 1730 eximuntur
463 1668 605 1729 absolute
627 1685 647 1726 a
667 1670 821 1745 potestate
842 1667 922 1728 laica
943 1668 992 1728 cui
1014 1669 1102 1730 nulle

169 1762 319 1839 competit
329 1759 507 1840 jurisdictio
522 1759 554 1820 in
568 1777 620 1820 res
634 1759 824 1837 spirituales.
848 1761 921 1821 Haeo
942 1760 1017 1821 facit
1038 1761 1101 1822 dis-

169 1858 277 1920 tinctio
308 1858 426 1918 Natalis
453 1855 634 1916 Alexandri.
665 1857 732 1926 Qua
760 1857 854 1933 cives,
886 1857 1026 1917 absolute
1055 1856 1103 1917 lo-

171 1954 295 2035 quendo
318 1971 382 2015 non
405 1956 573 2014 censentur
596 1947 751 2012 immunes
773 1951 833 2012 nisi
858 1951 1044 2030 eximantur,
1071 1955 1103 2015 et

171 2049 232 2110 huc
246 2051 367 2127 spectat
382 2046 601 2109 Bellarminus.

425 2222 472 2268 111.
484 2223 516 2266 Da
527 2221 640 2266 duratione
651 2223 720 2264 statur
732 2219 844 2264 clericelle.

212 2337 306 2400 xvll.
323 2338 358 2397 ln
378 2336 561 2398 charactere
579 2335 798 2397 sacramentali
818 2336 880 2396 duo
899 2333 975 2395 mihi
992 2333 1104 2395 viden-

171 2438 223 2496 tur
238 2432 475 2512 deprehendere
493 2452 500 2493 ε

213 2533 243 2588 1⁰
253 2531 414 2589 laternum
424 2528 593 2608 quemdam
601 2531 718 2590 statum
728 2528 975 2605 supernaturalis
985 2529 1104 2589 ordinis

173 2626 284 2686 saltem
298 2643 355 2702 per
368 2628 466 2686 totam
477 2625 558 2685 hanc
568 2625 665 2687 vitam
675 2631 922 2704 permanentem,
936 2644 998 2704 quo
1009 2620 1104 2688 homo

174 2719 382 2799 quarumdam
417 2719 601 2781 facultatum
636 2723 667 2800 et
694 2720 903 2800 quorumdam
930 2721 1104 2782 officiorum

173 2813 329 2894 particeps
344 2814 486 2877 redditur
501 2833 607 2876 coram
622 2817 698 2878 Deo.

213 2914 243 2971 2⁰
254 2910 401 2971 Ordinem
413 2910 582 2990 quemdam
593 2912 633 2972 ad
644 2915 759 2974 statum
770 2912 989 2993 occupandum
998 2911 1105 2972 eoram

174 3007 325 3083 Ecclesia,
341 3007 394 3086 qui
410 3007 532 3068 interno
546 3007 590 3092 illi
607 3008 701 3069 statui
716 3009 915 3088 respondeat.

215 3107 297 3184 Ergo
320 3104 583 3165 exsecramentis
608 3106 661 3184 qui
683 3105 868 3184 imprimunt
891 3105 1107 3166 characterem

175 3200 290 3277 duplex
304 3201 443 3262 nascitur
457 3202 555 3261 status
578 3219 584 3261 :
606 3200 754 3274 latonas,
774 3201 938 3263 Externos.
960 3202 1048 3261 Alter
1065 3201 1107 3261 ad

176 3295 310 3356 alterum
324 3298 507 3358 relationem
522 3297 610 3373 dicit,
625 3303 657 3357 et
670 3298 757 3359 velut
770 3297 871 3358 forme
885 3301 916 3360 et
930 3299 1036 3358 anime
1046 3301 1104 3360 est.

177 3389 239 3450 Sed
255 3391 333 3451 alter
347 3393 488 3454 absolute
504 3412 541 3453 ex
554 3392 625 3472 jure
650 3392 755 3454 divino
778 3393 950 3468 descendit,
972 3393 1050 3454 alter
1068 3411 1110 3452 ex

172 3482 244 3563 jure
260 3482 364 3544 divino
379 3485 411 3544 in
425 3502 542 3564 genere
557 3485 738 3565 requiritur,
758 3485 814 3546 sed
834 3483 866 3544 in
886 3484 991 3563 specie
1012 3482 1111 3544 relin-
