2504 4024
385 291 424 337 nn
446 291 573 338 ansero
593 293 675 340 runis
697 292 851 342 eruemur.
1023 287 1080 346 129

196 435 258 496 lieo
268 438 429 496 assecutus
439 437 486 496 est
499 455 505 495 :
519 437 549 494 1ο
558 434 744 514 Inspirando
757 435 942 513 patriarchis
956 437 1080 502 morum

155 531 359 592 sanctitatem.
379 533 411 590 2⁰
432 531 505 591 Post
525 529 628 590 varias
649 529 838 590 familiarum
859 532 1077 611 dispersiones,

33 637 34 694 l
155 627 315 688 excitando
335 625 476 703 Moysen,
498 623 587 703 cujus
606 641 702 701 opera
722 625 873 701 populum
894 627 978 688 hunc
998 630 1080 691 eleo-

32 749 34 772 t
152 729 229 798 tum,
242 722 275 781 in
289 720 450 781 nationem
463 718 613 798 ,erigeret
630 736 700 797 quae
717 719 917 781 revelationis
936 723 992 782 Dei
1002 741 1079 784 ‘ens-

152 820 198 877 tos
214 821 311 899 esset,
322 813 563 893 promissionum
584 812 639 872 Dei
658 814 859 891 expectatrix,
876 815 1029 896 Religioni
1048 823 1079 881 et

152 913 209 992 legi
223 911 449 973 addictissimo.

188 1007 249 1069 Sed
273 1005 382 1086 gratiae
406 1005 566 1084 plenitudo
590 1022 679 1067 nova
702 1006 764 1086 legi
785 1007 980 1070 servabatur.
998 1009 1079 1080 Qua-
1171 1007 1174 1012 '

151 1108 275 1182 propter
289 1101 370 1161 sieut
384 1100 523 1160 humana
535 1104 648 1162 natura
661 1102 733 1161 ante
747 1101 916 1176 Christum,
932 1103 1077 1163 ultimum
1097 1098 1100 1102 ’

28 1255 29 1260 ,
123 1189 124 1192 '
150 1213 209 1258 suae
223 1195 609 1274 restaurationisgradnm
624 1212 687 1256 non
702 1195 892 1272 obtinuerat,
909 1197 954 1258 ita
968 1200 999 1259 et
1012 1215 1077 1260 ma·

148 1292 338 1367 trimodiam,
349 1289 390 1350 ad
404 1307 494 1350 suam
508 1289 699 1368 primitivam
713 1289 939 1352 institutionem
953 1292 1076 1353 restitu-

146 1389 210 1447 tum
231 1404 293 1447 non
316 1389 373 1462 est,
393 1385 466 1445 licet
488 1384 615 1445 amalis
633 1384 832 1462 gravioribus
850 1386 1073 1463 contineretur,

144 1486 174 1543 et
187 1482 227 1543 ad
242 1480 432 1558 completam
446 1497 536 1540 suam
555 1478 816 1540 restaurationem
834 1479 1073 1559 disponebatur.

181 1579 323 1654 Namque
338 1574 532 1653 patriarchas
547 1573 662 1636 seimus
671 1573 767 1635 inisse
779 1575 974 1655 polygamos.
986 1576 1074 1638 Mitto

142 1671 296 1749 theologis
306 1669 537 1749 utinrestigent
551 1669 720 1747 specialem
729 1670 994 1748 dispensationem
1005 1671 1071 1746 Dei,

23 1767 24 1796 ³
143 1786 210 1848 quae
225 1784 299 1828 oum
311 1766 372 1826 illis
382 1764 584 1827 sanctissimis
594 1765 668 1840 viris
679 1783 697 1825 a
707 1766 772 1827 Deo
782 1766 924 1842 factasit,
936 1765 1024 1827 mitto
1039 1767 1075 1826 ut

143 1867 286 1943 quaerant
305 1861 456 1939 speciales
476 1862 554 1923 fines
576 1861 617 1921 ad
637 1879 715 1940 quos
734 1879 843 1923 eorum
861 1863 1073 1941 polygamism

142 1957 345 2021 ordinaverit.

178 2055 307 2115 Certum
322 2055 369 2113 est
379 2052 463 2130 quod
472 2051 671 2130 patriarche,
683 2052 757 2113 licet
766 2053 893 2131 speciali
905 2052 1074 2130 providen-

140 2149 182 2210 tia
195 2148 252 2208 Dei
266 2167 286 2207 a
299 2147 440 2227 gentium
458 2147 613 2207 illecebris
627 2149 821 2224 praeservati,
842 2154 960 2223 tamen,
978 2166 1072 2226 gene-

139 2244 231 2305 ratim
250 2242 421 2322 loquendo,
444 2242 487 2302 ad
509 2242 659 2320 primitivi
683 2241 832 2303 connubii
856 2243 1071 2304 excellentiam

138 2357 200 2400 non
219 2341 441 2417 pervenerunt.
458 2337 639 2406 maerent
655 2336 906 2415 monogamiam
923 2337 979 2396 sed
998 2355 1070 2398 oon-

134 2433 213 2514 jugii
228 2434 353 2494 honesti
366 2428 611 2509 caetcras'dotcs,
628 2435 660 2494 el
673 2433 771 2494 multo
786 2432 887 2512 magis
903 2430 1070 2492 essentiam

137 2533 361 2611 servaverunt.¹

175 2625 261 2685 Finis
282 2627 387 2685 autem
409 2625 588 2702 potissimus
608 2625 763 2688 missionis
782 2626 927 2688 Mosaicae
948 2626 1017 2702 luit,
1035 2632 1070 2686 ut

136 2719 272 2798 populus
287 2718 431 2779 hebreus
445 2720 486 2780 ab
500 2720 677 2782 idololatria
691 2724 858 2799 averteret,
871 2726 904 2784 et
916 2722 949 2782 in
964 2721 1068 2782 medio
1109 2741 1113 2748 ’

135 2814 321 2876 idololatria
341 2815 461 2892 vivens,
477 2815 573 2876 tidem
591 2815 719 2878 unitatis
738 2822 770 2880 et
788 2818 994 2895 simplicitatis
1012 2816 1069 2878 Dei

135 2913 287 2987 servaret,
313 2913 344 2972 et
365 2911 410 2971 sio
437 2911 590 2990 paulatim
616 2916 767 2992 tanquam
794 2932 814 2974 a
837 2912 1002 2992 pedagogo
1026 2912 1067 2973 ad

136 3006 295 3068 Christum
309 3005 486 3069 duceretur.

174 3104 272 3164 Porro
301 3102 341 3162 ad
370 3103 429 3164 hoo
460 3103 683 3182 obtinendum,
717 3124 750 3166 se
782 3101 915 3183 juvabat
942 3102 1066 3179 Moyses

137 3198 278 3275 exemplo
301 3199 569 3276 patriarcharum,
596 3205 626 3260 et
649 3198 890 3278 promissionum
913 3199 1065 3259 memoria

136 3313 204 3372 quae
219 3295 421 3356 sanctissimis
438 3295 500 3356 illis
518 3297 592 3356 viris
610 3314 630 3356 a
649 3298 724 3371 Dee,
741 3312 913 3373 eorumque
934 3296 1064 3374 posteri·

135 3391 190 3449 tati
210 3390 295 3450 faeta
315 3400 415 3466 erant,
437 3392 482 3453 ita
504 3394 538 3452 ut
551 3390 678 3451 Haebrei
697 3391 729 3449 in
750 3391 946 3470 patriarchis,
966 3392 1062 3453 veluti

135 3483 259 3547 vivendi
273 3487 451 3564 exemplum
468 3483 675 3547 imitarentur.
693 3486 776 3566 Ergo
796 3503 858 3549 non
872 3492 995 3566 poterat
1009 3488 1062 3548 nh-
