2476 4022
385 287 424 330 na
445 285 574 331 oosacro
594 285 676 332 Jonrs
698 285 853 332 curentur.
1064 273 1082 331 5

147 429 387 511 procurandam
401 411 488 489 instit
490 431 543 489 uta
557 427 671 490 luisse:
684 427 940 505 predicationem
951 445 1086 508 evange·

148 527 197 604 lii,
221 527 271 587 eui
292 524 499 603 responderet
518 524 597 583 fides
618 522 813 584 audientium
835 523 1011 602 (predicate,
1034 522 1088 604 qui

148 619 340 698 crediderumt)
364 621 632 680 sacramentorum
654 617 873 694 ministerium,
890 617 940 679 eui
956 636 1087 696 respon-

150 719 208 779 det
221 715 407 777 eorumdem
421 714 577 792 susceptio
594 712 657 793 (qai
672 713 838 792 baptizatae
851 713 966 794 sumt).
984 715 1085 785 Quare

150 809 235 870 hano
255 807 507 870 dissertationem
528 807 681 868 derebus
701 807 914 886 spiritualibus
935 808 1086 870 ordinatis

151 906 195 966 ad
221 905 322 967 vitam
344 905 615 982 supernaturalem
638 904 811 983 praesertim
833 904 1028 983 operandam
1051 905 1083 965 in
1204 925 1211 940 ·

151 1001 216 1062 duo
232 1000 338 1079 eapila
352 999 521 1060 dividimus
534 1019 541 1060 :
556 999 692 1077 primum
708 999 747 1060 de
761 998 984 1078 praedieatione
998 998 1086 1061 verbi

150 1097 220 1174 Dei,
237 1095 414 1158 seeundum
429 1094 468 1157 de
482 1095 697 1170 sacramentis,

493 1294 598 1346 CAPUT
614 1293 753 1346 Parnon.

390 1415 424 1456 on
440 1416 642 1456 rnnnrcurronu
659 1417 736 1457 vuum
754 1417 849 1458 orvrnr.

196 1552 301 1616 Primo
316 1551 485 1614 dioeodum
499 1553 559 1614 erit
573 1554 612 1614 de
630 1553 728 1631 ipsius
747 1554 794 1614 rei
814 1556 945 1628 natura;
967 1559 1086 1635 postre-

149 1664 208 1708 mo
223 1648 263 1710 de
279 1648 422 1729 ejusdem
440 1649 592 1718 relatione
612 1666 684 1710 eum
702 1649 826 1712 interna
844 1652 990 1714 lloelesiae
1006 1670 1087 1714 oeoo·

151 1745 272 1806 nomia.
378 1749 381 1758 “

378 1854 391 1900 ς
407 1837 559 1893 l.or1rs1us
574 1859 753 1894 ranorusrronrs
768 1861 871 1896 urruns.

195 1955 221 2015 l.
246 1953 451 2028 Praedieatio‚
474 1952 506 2012 in
530 1957 683 2033 quantum
706 1959 755 2014 est
781 1957 880 2018 oratio
903 1960 934 2019 et
961 1957 1088 2036 publiea

152 2047 305 2108 revelatae
320 2047 460 2108 veritatis
481 2045 687 2124 annuntiatio,
704 2047 743 2108 de
762 2047 875 2110 Christi
894 2050 1088 2113 institutione

126 2133 204 2202 'est
226 2141 293 2202 sine
317 2140 423 2202 dubio.
450 2140 540 2212 Quod
564 2141 638 2202 satis
659 2145 791 2221 apparet
810 2145 877 2203 tum
898 2162 936 2202 ex
957 2144 1087 2222 praefato

152 2238 243 2296 textu
271 2231 385 2308 Marci,
409 2235 477 2292 tum
499 2249 536 2291 ex
560 2233 711 2310 parallelo
733 2232 871 2293 Matthaei
894 2234 1014 2312 (xxvnr,
1038 2236 1087 2314 le)

154 2345 254 2408 quum
269 2327 420 2404 Christus,
434 2327 588 2407 promissa
602 2331 756 2406 potestate
771 2345 894 2388 summa
909 2347 979 2408 quae
994 2332 1054 2408 ipsi
1069 2349 1088 2391 a

154 2425 248 2486 Patre
271 2423 384 2484 eolleta
404 2423 517 2500 fuerat,
542 2423 667 2484 dieehat
687 2424 836 2502 apostolis
857 2424 921 2485 suis
945 2443 951 2484 :
975 2425 1088 2486 Erotes

153 2518 252 2582 docete
265 2538 360 2580 omnes
374 2527 483 2600 pratea
498 2523 558 2582 ete.
576 2520 695 2592 Quibus
710 2539 747 2581 ex
761 2520 837 2582 loeis
852 2527 973 2585 constat
987 2522 1088 2602 quod-

155 2614 230 2676 dam
244 2614 366 2677 visihile
380 2615 596 2694 magisterium
615 2617 756 2679 veritatis
774 2635 794 2678 a
812 2618 933 2680 Christo
955 2619 1087 2681 Domino

113 2744 116 2748 ·
154 2709 250 2772 fuisse
264 2710 451 2773 institutum.
475 2712 541 2771 Hoe
562 2716 668 2780 autem
689 2713 882 2791 praedieandi
896 2731 1011 2776 munus
1026 2709 1095 2777 non
1142 2737 1145 2742 ¹

154 2807 196 2867 ad
220 2825 315 2868 uuam
339 2810 464 2885 aetatem
486 2807 751 2888 restringendum,
775 2808 831 2870 sed
858 2828 915 2889 pro
944 2811 1088 2873 omnibus

155 2904 300 2964 aetatibus
313 2903 409 2966 fuisse
428 2903 605 2965 institutum
625 2908 722 2982 patet,
740 2908 806 2967 tum
825 2924 863 2965 ex
882 2923 919 2966 eo
941 2907 1026 2986 quod
1047 2908 1088 2967 ad

154 2998 392 3077 praedieandum
416 3000 501 3059 omni
530 3005 695 3076 creaturae,
726 3001 767 3060 ad
794 3001 953 3062 docendas
980 3016 1088 3061 omnes

153 3097 265 3172 gentes
279 3094 445 3173 dirigetur,
462 3100 528 3156 tum
545 3099 707 3174 exaperta
724 3096 866 3176 ejusdem
884 3095 995 3156 Christi
1016 3115 1089 3174 pro-

154 3189 273 3266 phetia,
289 3207 389 3268 quum
405 3191 510 3250 aiebat
526 3210 533 3250 ε
555 3199 582 3250 et
600 3190 811 3270 proedirobitur
829 3191 881 3250 tor
895 3191 1085 3272 areapolitem,

154 3288 215 3347 ete.
233 3288 405 3364 Propterea
421 3287 493 3347 huie
508 3287 699 3367 magisterio,
716 3290 867 3366 tauquam
885 3288 989 3350 medio
1005 3290 1089 3350 ordi-

153 3381 243 3444 nario
266 3401 285 3443 a
306 3383 438 3444 Domino
462 3384 572 3461 electo,
594 3385 634 3444 ad
656 3383 819 3444 veritatem
835 3387 1085 3466 propagandam,

152 3477 371 3542 infaillibilitas
386 3479 527 3542 aeoessit.
544 3480 588 3542 Et
601 3497 661 3540 ecee
674 3497 725 3558 epo
739 3479 883 3540 vobiscum
900 3480 1087 3559 (docentibus)
