2548 4020
377 307 415 349 on
437 304 564 352 oaracro
584 304 666 350 rums
688 304 842 352 canorum.
1014 295 1072 354 ata

145 457 216 516 illuc
243 451 392 514 affluebat
420 452 516 513 sacris
537 457 714 532 operatura,
744 459 776 514 et
802 452 891 530 cujus
913 456 1072 517 materiale

145 552 221 612 illud
235 549 403 610 aedificium
425 548 527 628 figura
542 555 573 610 et
596 549 774 630 symbolum
790 551 941 613 existebat
964 570 1073 614 secun-

145 649 219 708 dum
234 648 319 724 quod
334 663 417 723 saepe
440 646 473 706 in
488 646 648 724 scripturis
668 647 841 708 Ecclesiam
853 648 910 708 Dei
931 648 1072 711 ridemus

145 742 296 806 materiali
326 741 455 804 aedificio
480 743 703 821 comparatam.
730 743 847 804 Harum
871 742 1073 805 ecclesiarum

145 839 294 901 distinctis
317 837 520 918 paragraphis
543 837 688 899 indicabo
705 856 712 898 ε
731 842 761 900 l⁰
776 838 923 915 formam,
947 844 979 901 2⁰
1003 857 1072 920 spe·

145 937 218 1014 cies,
234 939 266 996 3⁰
282 937 492 997 sanctitatem.

428 1100 440 1146 a
455 1094 476 1138 1.
491 1107 519 1140 na
534 1105 613 1140 roan
627 1105 794 1141 accaasuaurr.
835 1116 840 1124 ·

182 1206 236 1269 lll.
255 1205 366 1266 Primoe
382 1205 621 1267 christianorum
641 1205 779 1266 ecclesiae
792 1204 900 1268 lormae
917 1206 1074 1287 simplices

144 1308 174 1364 et
189 1303 319 1363 modice
342 1301 438 1362 luisse
454 1300 608 1376 videntur,
635 1302 745 1380 quales
768 1301 911 1363 videlicet
932 1302 1073 1362 fidelium

142 1405 321 1482 paupertas,
358 1399 499 1480 paucitas
527 1403 560 1462 et
592 1398 866 1460 formidolosorum
894 1404 1073 1478 temporum

142 1500 221 1560 ratio
236 1498 423 1577 patiebatur.
441 1497 503 1557 Sed
516 1502 608 1558 aucta
620 1496 759 1557 Ecclesia
774 1494 918 1556 fidelibus
933 1502 963 1556 et
987 1495 1074 1556 obla-

144 1593 290 1671 tionibus,
307 1594 443 1655 extincta
457 1593 617 1654 christiani
632 1592 766 1652 nominis
780 1590 905 1668 invidia,
922 1590 1074 1652 acceden-

143 1690 225 1752 tibus
240 1690 348 1750 edictis
370 1689 606 1768 imperatorum,
623 1687 663 1747 de
687 1687 809 1766 templis
824 1687 1018 1748 ethnicorum
1042 1687 1073 1747 in

143 1785 283 1850 ecelesiis
297 1784 513 1847 convertendis
529 1787 560 1848 et
574 1784 746 1863 praesertim
760 1783 955 1844 Constantini
965 1784 1074 1863 magni

142 1885 304 1962 pietate‚a
327 1899 388 1960 quo
409 1888 534 1960 sumptu
555 1881 641 1960 regio
666 1879 963 1942 munificentissimae
988 1879 1072 1940 aedes

143 1997 240 2044 sacrae
255 1977 395 2040 excitatae
411 1977 494 2056 sunt,
520 1975 780 2059 splendidissimae
796 1981 981 2037 constructa
1003 1981 1075 2036 sunt

143 2074 300 2138 Ecclesia.
326 2076 381 2134 He
396 2073 570 2153 praesertim
590 2072 759 2152 ampliores
783 2070 924 2149 pluribus
947 2080 1072 2133 consta-

142 2173 219 2234 bant
232 2169 384 2249 partibus,
401 2186 535 2253 quarum
556 2167 625 2229 aliae
640 2165 804 2228 interiores
825 2166 968 2228 videlicet
991 2167 1074 2228 intra

143 2267 289 2346 parietes,
306 2265 374 2327 aliae
395 2265 566 2327 exteriores
579 2281 649 2343 quae
670 2262 840 2342 parietibus
854 2279 919 2324 non
937 2262 1076 2333 includcf

142 2365 270 2427 bantur.

183 2460 292 2520 Partes
305 2455 459 2519 interiores
474 2457 565 2516 erant
583 2473 590 2515 :

185 2558 215 2618 l⁰
238 2554 375 2616 Nartiae
389 2573 445 2616 seu
467 2552 578 2625 ferula,
594 2552 626 2612 id
649 2556 782 2630 estpars
803 2549 949 2631 oblonga,
966 2553 998 2614 et
1019 2569 1075 2611 an-

143 2657 236 2734 gusta
251 2672 289 2713 ex
303 2659 481 2714 transverso
500 2649 609 2710 frontis
623 2650 762 2711 ecclesiae
784 2650 837 2711 ubi
852 2649 1009 2732 degebant
1030 2649 1077 2709 in-

143 2749 264 2826 fideles,
290 2747 440 2821 haeretici,
467 2747 684 2808 catechumeni
707 2752 738 2810 et
761 2747 949 2826 poenitentes
974 2745 1075 2808 ultimi

144 2845 264 2906 ordinis
278 2850 312 2905 nt
325 2844 490 2905 conciones
504 2843 658 2905 audirent.

186 2947 218 3004 2⁰
233 2943 260 3004 A
279 2942 427 3004 nartheca
441 2941 533 3020 lignis
547 2941 735 3019 quibusdam
750 2943 908 3021 repagulis
919 2937 1078 3019 separata.

144 3040 336 3118 sequebatur
350 3037 443 3114 nonis,
460 3056 532 3116 pars
547 3057 587 3099 ea
599 3038 744 3101 videlicet
758 3039 810 3098 ubi
825 3037 925 3098 fidelis
940 3038 1075 3115 populus

145 3129 409 3204 sacrisinternat;
436 3132 585 3210 repagula
599 3130 782 3192 dicebantur
804 3136 901 3207 portae
925 3129 1020 3207 regiae
1045 3137 1076 3190 et

145 3229 306 3306 speciosa.
322 3229 358 3288 ln
373 3226 444 3287 navi
458 3245 517 3288 sua
536 3231 624 3288 erant
644 3227 757 3303 cuique
772 3226 900 3287 delinita
921 3226 991 3286 loca
1008 3226 1077 3305 qui-

144 3318 205 3379 bns
219 3319 486 3398 distinguerentur
507 3319 695 3397 poenitentes
718 3336 737 3378 a
760 3319 1074 3396 communicantibus,

146 3431 250 3476 mares
264 3434 283 3474 a
297 3415 445 3484 foeminis,
459 3415 596 3494 virgines
610 3434 629 3474 a
644 3415 761 3494 nuptis,
777 3416 921 3477 monachi
937 3434 955 3476 a
975 3433 1076 3477 saecu-

144 3511 275 3572 laribus
292 3514 325 3572 ln
340 3510 445 3571 media
458 3511 529 3571 navi
544 3513 611 3571 erat
632 3510 715 3572 ambo
730 3529 785 3572 seu
809 3511 896 3572 locus
912 3511 1013 3574 editus
1036 3511 1076 3570 ad
