2548 4020
392 346 430 389 na
452 345 579 392 caruero
599 346 681 392 roms
703 347 858 395 uiuorum.
1031 341 1090 398 209

194 491 278 566 Quid
293 493 411 566 autem,
428 489 455 548 si
469 489 537 569 quis
551 488 676 570 alleget,
694 490 779 571 quod
794 490 869 552 dum
883 493 1090 576 exteriusrper

154 593 242 650 certa
269 585 388 647 indicia
415 584 496 646 serio
525 586 753 663 consentiebat,
783 605 847 649 non
875 592 1089 654 consentiebat

153 681 311 748 interius?
894 708 897 712 ·

193 782 310 844 Dicunt
345 774 451 858 plnres
485 777 655 840 canonistas
691 779 775 858 quod
802 779 835 840 in
862 781 929 842 foro
959 787 1087 847 externo

154 877 303 943 standum
318 875 359 936 sit
372 891 429 952 pro
443 873 655 948 matrimonio,
671 872 745 935 licet
757 875 790 934 in
800 875 868 938 loro
878 877 1001 940 interno
1013 883 1088 941 nate

154 973 272 1036 nonsit
286 969 447 1050 obligatio,
465 987 523 1030 nec
532 969 637 1032 valeat
646 969 891 1050 matrimonium,
904 972 964 1034 nisi
973 973 1087 1035 iterum

153 1067 380 1131 consentiatur.

191 1161 284 1224 Ratio
309 1159 403 1240 hujus
432 1160 594 1222 sententia
620 1160 776 1240 estquod
799 1179 1086 1226 verusccnsensus

152 1278 216 1322 non
240 1258 331 1319 adest
354 1256 408 1317 ubi
430 1253 528 1336 signis
552 1256 680 1337 quidem
700 1257 836 1318 exterius
857 1259 1085 1334 manifestatur,

151 1356 208 1418 sed
223 1353 354 1416 interius
369 1353 467 1430 deest,
483 1353 535 1414 vel
548 1353 638 1413 adest
647 1351 816 1429 dissensus,
829 1356 861 1415 et
870 1354 1083 1432 confirmatur,

151 1469 222 1528 cap.
238 1465 325 1525 xxvi,
343 1447 382 1508 de
397 1447 511 1526 Spons.
799 1451 801 1456 ’

190 1545 255 1608 Sed
271 1543 339 1605 aliis
353 1543 457 1628 placet
471 1542 626 1604 sententia
640 1559 710 1622 quae
725 1541 801 1604 dicit
814 1559 876 1602 non
892 1543 1011 1624 requiri
1029 1562 1085 1607 vc·

149 1644 306 1704 luntatem
318 1642 350 1701 in
371 1639 576 1700 contrahente
595 1638 751 1701 subeundi
769 1638 992 1720 obligationem
1012 1660 1084 1703 con·

146 1737 240 1821 jugii,
269 1737 325 1798 sed
353 1737 454 1798 solam
476 1731 670 1798 voluntatem
693 1737 899 1799 deliberatam
923 1739 1084 1801 emittendi

149 1837 240 1897 illum
263 1850 452 1894 consensum
475 1832 662 1894 exteriorem
686 1833 779 1894 certis
801 1834 924 1896 indiciis
948 1839 980 1898 et
1001 1839 1082 1898 serio

149 1931 396 2007 manifestatum,
413 1928 497 1990 unde
512 1948 569 2008 per
582 1947 616 1990 se
631 1930 730 1992 oritur
751 1930 899 2010 obligatio
922 1933 1080 1995 connubii.

149 2033 219 2092 Non
243 2028 327 2088 enim
350 2030 398 2088 est
420 2025 550 2087 interior
571 2026 669 2098 animi
692 2043 862 2088 consensus
886 2027 938 2106 qui
962 2028 1084 2090 inducit

150 2125 385 2206 obligationem,
402 2122 459 2183 sed
473 2122 610 2184 exterior
623 2123 790 2184 voluntatis
804 2122 1013 2186 manifestatio
1028 2124 1083 2186 de-

146 2223 293 2296 liberata,
310 2225 342 2280 et
356 2220 448 2295 serio,
466 2220 500 2286 et¹
511 2218 603 2279 certis
617 2217 741 2278 indiciis
755 2207 869 2278 emissa
879 2221 1083 2298 etacceptata

147 2315 202 2379 nbi
232 2313 375 2374 consistit
401 2314 591 2389 contractus,
621 2315 653 2373 et
680 2311 763 2373 unde
792 2311 890 2374 oritur
917 2312 1078 2393 obligatio,

147 2407 254 2489 prouti
267 2407 303 2468 fit
316 2406 349 2466 in
363 2405 484 2468 caeteris
495 2406 717 2467 contractibus,

187 2507 261 2568 lam
277 2521 350 2566 vero
365 2504 434 2566 haec
448 2501 622 2564 deliberata
635 2504 779 2565 voluntas
794 2503 1009 2567 consentiendi
1029 2523 1082 2567 ex-

147 2604 264 2679 terius,
282 2601 357 2663 dum
372 2601 442 2682 quis
457 2600 612 2663 consentit
626 2601 761 2662 exterius
775 2602 951 2664 necessario
970 2603 1081 2668 adesse

148 2699 252 2761 debet.
270 2697 349 2758 lude
360 2697 470 2759 volunt
484 2696 605 2774 tollere,
623 2697 682 2758 hac
696 2697 729 2758 in
743 2716 789 2776 re,
808 2717 935 2760 omnem
950 2699 1081 2763 distinc-

148 2798 267 2859 tionem
281 2794 339 2856 fori
354 2795 468 2858 interni
487 2798 519 2858 et
539 2795 669 2872 externi,
687 2801 718 2858 et
733 2801 834 2860 ortam
848 2799 899 2860 vel
918 2817 982 2860 non
1002 2800 1078 2862 obli-

148 2892 310 2970 gationem
332 2888 365 2951 in
388 2889 456 2952 foro
479 2890 615 2973 interno,
640 2893 859 2972 quando'orta
883 2893 924 2954 sit
944 2894 995 2956 vel
1018 2912 1080 2956 non

148 2993 218 3048 orta
230 2987 264 3047 in
279 2985 346 3048 foro
363 2990 504 3064 externo,
528 3005 599 3048 cum
620 2985 688 3050 tota
710 2992 889 3052 contractus
908 2991 1021 3050 natura
1041 2989 1081 3050 sit

149 3080 377 3142 reconventione
391 3082 521 3142 externa
535 3081 706 3143 deliberate
721 3083 761 3143 ab
776 3082 881 3143 animo
893 3079 1017 3142 emissa.

188 3177 238 3239 Ad
260 3180 355 3255 caput
375 3193 450 3241 xxvi
471 3177 612 3255 allatum,
636 3178 828 3257 respondent
850 3176 895 3239 ibi
917 3195 975 3238 neo
998 3179 1082 3240 exte-

148 3273 265 3336 n'crem
280 3292 468 3336 consensum
483 3273 630 3337 adfuisse.

188 3376 220 3434 3⁰
236 3373 418 3453 Requiritur
437 3375 473 3434 ut
486 3376 595 3434 mutuo
610 3373 750 3452 prolatus
766 3374 805 3435 sit
823 3373 882 3435 iste
897 3385 1080 3452 consensus,

148 3469 295 3532 videlicet
309 3469 394 3550 quod
408 3468 523 3530 debeat
535 3475 667 3550 uterque
683 3469 759 3532 dare
773 3487 866 3531 suum
879 3488 1078 3546 consensum,

149 3567 181 3622 et
195 3563 322 3625 alterius
338 3581 525 3625 consensum
539 3563 697 3644 recipere3
714 3565 746 3626 in
757 3583 793 3628 eo
805 3565 888 3628 enim
903 3567 1081 3627 contractus

853 3707 856 3711 .
932 3657 978 3713 12²
