2504 4024
58 2472 61 2478 ·
169 2444 228 2503 est.

178 304 234 363 tot
384 308 715 358 1uss1nonouustua1s
736 308 893 356 canosum.
931 347 933 352 .

121 511 124 516 .
177 463 242 534 est,
266 455 317 517 vel
339 453 556 532 apocryphum
577 451 628 512 vel
648 443 797 513 vitiatum
812 455 869 514 est.
893 452 951 515 Vel
971 469 1107 532 apocry-

175 555 275 635 phum
295 572 301 612 :
325 567 423 631 quum
445 550 477 610 S.
507 547 654 626 Ggrgatio
675 549 769 608 (tono.
795 546 893 610 voluit
913 550 1106 628 suspendere
1142 599 1147 606 .

176 647 321 730 quaedam
334 643 500 724 privilegia
514 660 584 724 quae
597 643 630 702 iu
644 659 683 702 ea
702 641 789 703 hulla
806 642 986 706 referuntur
1004 643 1106 705 donec

175 743 331 804 indultum
345 739 565 802 authenticum
576 756 614 798 ex
628 732 761 800 archivo
771 738 942 817 apostolico
956 739 1106 817 desump-

174 842 244 901 tum
257 853 319 897 non
334 834 545 910 exhiberetur,
562 833 799 913 hocnunquam
816 837 977 897 ostensum
995 837 1054 910 est,
1071 839 1105 896 ut

175 933 272 995 fusius
295 930 430 992 refertur
449 928 482 989 in
503 927 635 1007 epistola
663 927 805 1008 ejusdem
835 929 1032 1008 GgrgatIonis
1063 929 1105 990 ad

174 1043 283 1090 omnes
302 1025 444 1087 Iocorum
457 1022 631 1085 ordinarios
646 1023 694 1103 (at
711 1041 790 1086 mar.
813 1023 916 1102 1744).
937 1025 995 1087 Vel
1014 1024 1105 1087 vitia·

173 1129 271 1189 tum:
295 1119 397 1199 potuit
416 1117 500 1179 enim
521 1118 562 1180 ab
583 1121 747 1180 extensore
767 1117 851 1180 iilius
872 1118 1104 1182 constitutionis

174 1215 277 1277 veleb
292 1213 476 1275 amanuensi
489 1231 527 1274 ox
546 1229 652 1275 erroro
672 1213 756 1293 quod
776 1214 816 1275 de
835 1213 1033 1274 subdiaconis
1056 1214 1105 1274 in-

174 1307 363 1392 dulgebatur
378 1309 472 1370 etiam
487 1308 527 1369 ad
542 1308 690 1370 diaconos
705 1306 855 1386 proferre.
873 1308 992 1370 Saltem
1005 1324 1056 1369 res
1070 1301 1109 1368 in'

173 1408 270 1469 dubio
285 1406 389 1485 posita
402 1407 460 1482 est,
478 1407 509 1466 et
522 1411 560 1464 ox
574 1403 643 1482 ipsa
655 1403 783 1465 raritate
797 1403 1018 1481 consessionis,
1039 1403 1104 1465 sin-

172 1501 352 1580 gularitate,
367 1498 519 1559 debemus
531 1511 723 1577 prasumerc
733 1495 901 1557 fallaciam.
1145 1557 1150 1564 ,

214 1593 303 1666 Quod
317 1609 392 1656 voro
407 1591 542 1670 peitinet
556 1587 597 1653 ad
611 1583 882 1668 subdiaconatum,
899 1595 930 1654 et
944 1590 984 1652 ad
1002 1591 1103 1654 mino·

172 1705 223 1749 res
247 1687 373 1749 ordines
392 1703 527 1766 quorum
544 1685 724 1748 conferendi
743 1686 876 1750 facultas
894 1685 1063 1766 aliquando
1083 1703 1104 1745 a

174 1785 205 1846 S.
227 1786 262 1846 P.
286 1782 436 1844 mandata
458 1786 516 1860 est,
540 1787 576 1846 ut
596 1781 743 1860 vidimus,
768 1783 818 1845 vel
840 1783 953 1846 saitem
975 1783 1103 1846 videtur

171 1877 319 1939 mandata
333 1876 439 1953 fuisso,
455 1875 481 1936 si
495 1893 598 1936 sermo
613 1878 660 1938 est
673 1875 713 1938 de
727 1875 970 1950 subdiaconatu;
987 1875 1101 1939 sivero

171 1971 212 2032 sit
239 1971 278 2030 de
306 1969 480 2030 minorihus
508 1969 669 2031 ordinibus
692 1973 724 2032 et
745 1975 884 2047 tonsura,
910 1987 973 2032 non
997 1969 1101 2032 solum

171 2059 339 2140 aliquando
358 2060 438 2120 solet
457 2077 477 2120 a
497 2062 531 2120 P.
554 2062 590 2122 a.
613 2060 744 2124 concedi
763 2061 966 2141 presbyteris,
991 2061 1048 2124 s'ed
1069 2068 1102 2126 et

171 2154 329 2218 ordinario
356 2155 494 2236 quodam
517 2155 611 2218 modo
640 2155 846 2221 committitur
869 2157 1039 2220 abbatibus
1059 2159 1101 2220 ab

170 2251 317 2330 episcopo
339 2252 533 2330 benedictis,
557 2251 608 2314 vel
632 2251 727 2314 etiam
750 2253 817 2314 sine
840 2252 1023 2333 hujusmodi
1044 2253 1100 2316 be-

169 2345 344 2411 nedictione
368 2366 374 2407 :
398 2345 511 2410 solutio
532 2344 704 2408 admodum
724 2345 858 2412 fortasse
877 2346 1013 2410 difficilis
1033 2367 1097 2412 non

207 2534 385 2597 Meminisse
399 2535 520 2598 dehetis
539 2555 554 2595 o
562 2536 772 2602 hieracitam
782 2537 889 2600 divina
900 2537 1097 2604 ordinatione

168 2628 369 2690 constitutam
383 2635 526 2694 constare
540 2649 578 2692 ox
592 2633 758 2712 episcopis,
774 2633 978 2714 preshyteris,
995 2637 1028 2699 et
1040 2637 1099 2697 mi·

167 2722 282 2784 nIstris.
299 2743 314 2783 o
332 2725 380 2787 Ita
393 2725 478 2787 Trid.
500 2744 576 2788 sess.
600 2728 708 2806 XXIII,
732 2747 801 2810 cap.
818 2746 863 2793 v1.
884 2729 1099 2794 Ministrorum

167 2818 292 2880 nomine
306 2819 456 2882 dIaoonos
470 2821 587 2901 venue,
603 2827 712 2905 utpote
725 2827 778 2907 qui
793 2825 913 2908 habeut
930 2826 1097 2904 plenitudi-

166 2931 239 2974 nem
253 2913 346 2995 huJus
367 2915 542 2995 ministerii,
564 2918 597 2979 iu
618 2919 761 2983 confesso
782 2927 830 2983 est
851 2940 862 2983 t
887 2921 966 2986 alios
988 2927 1097 2986 autem

165 3028 228 3072 non
241 3012 350 3074 venire
364 3012 423 3074 nisi
441 3018 597 3095 quatenus
617 3033 728 3078 eorum
745 3016 918 3080 ministeria
935 3018 969 3080 in
989 3019 1096 3081 diaco-

165 3109 257 3167 natus
274 3107 445 3171 ministorio
467 3109 641 3173 eminenter
662 3111 984 3190 comprehenduntur,
1007 3129 1096 3174 com-

164 3201 301 3264 muniter
318 3203 504 3268 admittitur.
525 3205 678 3271 VideIIoet
692 3206 873 3287 hujusmodi
888 3206 1027 3270 minores
1042 3225 1095 3269 or-

163 3292 252 3354 dines
272 3304 345 3359 sunt
364 3301 403 3360 de
424 3301 532 3364 diviua
551 3301 744 3366 institutione
757 3303 792 3366 in
806 3319 862 3364 suo
877 3321 1008 3383 genere,
1027 3293 1094 3364 ‘non

161 3393 267 3452 autem
279 3391 312 3452 iu
326 3411 385 3468 ‚sua
398 3397 512 3476 specio,
528 3418 586 3462 uec
601 3405 636 3462 ut
648 3399 766 3480 passim
781 3399 969 3478 admIttitur,
986 3419 1092 3463 sacra-

164 3491 270 3550 menta
284 3493 365 3550 sunt.
467 3522 470 3526 ·
904 3523 906 3528 ·
