2548 4020
362 285 400 329 nc
422 285 550 331 omscro
569 287 652 334 ionis
674 288 829 336 cruorum.
1001 283 1057 342 sor

128 457 225 516 Quoest.
239 460 276 504 3⁸.
291 456 329 506 De
340 453 528 517 impedimentis
538 454 719 507 dirimentibus
729 472 784 524 quoe
790 459 887 511 directe
897 463 1060 516 inhabilitent

159 535 296 600 quemdem
312 533 478 584 contrahendi
492 535 605 598 moutam,
618 549 666 586 non
677 539 763 588 cutem
776 553 896 603 personas
914 545 1058 596 contraben-

157 613 234 661 'tium

166 743 280 808 Modus
295 743 501 804 contrahendi
515 746 760 826 matrimonium,
783 751 962 812 contractus
980 753 1058 813 vali-

129 842 260 932 ditatem
273 838 372 901 inficit
385 859 424 900 ex
443 840 557 920 triplici
578 843 679 920 capite
701 864 707 904 :
731 847 761 904 1ο
780 846 825 906 Ex
845 845 967 909 defectu
988 867 1060 909 con·

129 955 237 998 sensus
258 936 526 1011 contrahentium
550 943 584 998 ‘2⁰
616 940 661 1000 Ex
683 939 807 1003 defectu
830 941 983 1005 libertatis
1007 963 1060 1006 eo-

130 1033 291 1107 rumdem3
308 1035 339 1094 3⁰
355 1035 400 1094 lix
415 1033 539 1096 delectu
554 1034 661 1098 formae
677 1040 709 1099 et
722 1038 800 1101 ritus
819 1039 938 1103 externi
955 1058 1061 1103 essen-

129 1130 242 1193 tialiter
256 1129 297 1190 ab
313 1129 453 1192 Ecclesia
466 1132 650 1210 praescripti.

442 1290 470 1332 A.
486 1290 517 1334 lle
529 1289 614 1334 deiectu
626 1303 748 1334 consensus,

167 1389 321 1452 XXXVII.
345 1385 401 1448 Hic
416 1405 518 1448 sermo
534 1405 597 1448 non
612 1391 660 1448 est
673 1387 712 1448 de
727 1387 911 1468 impotentia
929 1407 1060 1454 consen-

28 1491 29 1496 ’
129 1485 237 1562 tioudi,
261 1484 300 1544 de
323 1502 387 1564 quo
404 1484 500 1546 locuti
519 1503 643 1560 sumus;
666 1485 722 1546 sed
740 1487 903 1565 supposita
921 1489 1062 1568 potentia

129 1579 355 1657 consentiendi,
386 1581 556 1660 quaerimus
583 1581 622 1643 de
649 1581 731 1644 facto
755 1600 936 1646 consensus.
964 1587 1060 1648 Porro

129 1696 300 1741 consensus
315 1695 377 1738 non
392 1677 493 1754 adest,
510 1679 632 1757 quoties
647 1675 761 1740 modus
776 1681 985 1760 contrahendi
998 1701 1061 1744 non

128 1772 284 1852 exprimat
304 1772 487 1834 interiorem
510 1776 543 1834 et
564 1791 674 1833 verum
696 1775 792 1834 animi
818 1791 1006 1837 consensum
1029 1777 1062 1836 in

126 1869 375 1946 matrimonium,
401 1869 454 1949 qui
478 1885 541 1930 non
565 1869 747 1947 haberetur,
773 1870 798 1930 si
821 1873 891 1950 quis
909 1871 1059 1952 jocando,

127 1966 279 2043 ludendo,
297 1969 351 2028 aut
365 1965 534 2046 aequivocis
548 1966 653 2029 verbis
666 1966 817 2044 sallendo,
838 1973 893 2028 aut
912 1969 1059 2046 errando,

128 2079 316 2125 eonsensum
333 2063 561 2141 expressisset,
587 2063 637 2134 vel
659 2080 849 2123 consensum
871 2069 1062 2128 coarctasset

128 2159 287 2222 nonnuliis
301 2159 532 2220 conditionibus
554 2177 623 2238 quae
639 2177 711 2220 cum
733 2176 888 2222 consensu
908 2161 941 2220 in
955 2163 1063 2224 matri·

127 2257 270 2320 monium
283 2255 443 2330 conciliari
458 2273 521 2317 uon
537 2259 686 2334 pessuma

166 2355 294 2432 ltaque,
320 2352 346 2411 si
367 2353 400 2412 in
422 2352 567 2413 omuibus
588 2350 799 2414 contractibus
820 2349 995 2412 essentialis
1016 2356 1063 2412 est

128 2447 383 2510 contrahentium
411 2465 592 2524 consensus,
624 2450 659 2509 ut
685 2448 827 2524 valeant,
858 2453 889 2508 et
916 2453 1063 2508 nascatur

129 2546 279 2626 obligatio
290 2545 347 2616 :id
361 2545 557 2624 potissimum
569 2545 689 2607 obtinet
699 2545 803 2624 quoad
815 2544 1060 2621 matrimonium,

128 2643 214 2724 qued
239 2645 418 2704 contractus
444 2645 491 2703 est
515 2641 728 2703 consensualis
749 2640 802 2722 qui
823 2644 906 2704 totus
927 2659 965 2702 cx
987 2658 1063 2703 cou-

130 2757 225 2800 sensu
234 2737 440 2798 substantiam
450 2737 549 2816 eapit;
562 2739 687 2824 nuptias
698 2739 781 2798 enim
792 2756 855 2799 non
865 2737 1061 2812 concubitus

129 2835 186 2896 sed
211 2851 382 2896 consensus
405 2833 490 2908 iacit,
516 2851 687 2896 consensus
710 2838 816 2896 autem
840 2834 881 2896 ad
903 2834 1062 2896 matrimo-

131 2933 219 2994 nium
233 2930 402 3010 requisitus
417 2929 479 2991 dici
493 2932 595 3007 potest
610 2949 617 2991 :
830 2995 831 2998 ,

172 3031 203 3088 l⁰
216 3027 359 3088 Exterior
373 3025 540 3088 voluntatis
554 3025 763 3090 manifestatio
778 3043 836 3104 per
854 3027 941 3086 certa
959 3027 991 3084 ct
1009 3022 1064 3082 de·

130 3121 301 3184 terminata
314 3120 443 3193 indicie3

171 3219 204 3280 2⁰
217 3207 266 3278 Ab
281 3217 404 3278 interna
419 3216 514 3278 animi
529 3216 753 3278 deliberatione
768 3213 850 3276 serio
865 3213 1001 3292 prolata;

171 3315 203 3373 3ο
217 3313 324 3374 Mutuo
338 3311 438 3385 fecta3

152 3409 154 3412 ’
172 3413 204 3468 4⁰
219 3411 245 3468 A
261 3424 348 3467 mare
363 3412 395 3467 et
408 3407 526 3467 famina
540 3405 578 3466 de
591 3404 662 3484 jure
677 3404 815 3483 idoneis,
831 3405 881 3469 vel
895 3423 952 3484 per
966 3423 999 3466 se
1013 3404 1063 3467 vel

133 3521 190 3582 per
203 3502 333 3564 idoneos
347 3501 567 3582 procuratores
582 3501 702 3576 elicita3
