2548 4020
410 305 448 348 un
470 303 598 350 onrncro
618 305 700 351 runis
722 306 877 352 canorum.
1050 296 1108 356 263

176 452 329 528 illumque
345 450 429 511 velut
443 467 583 511 summus
603 451 750 512 sacerdos
774 451 978 526 conficiebam
1004 456 1109 516 caeteri

177 546 355 607 sacerdotes
369 545 455 606 velut
470 544 623 605 inferioris
639 544 756 616 ordinis
771 548 948 609 sacerdotes
962 567 1109 612 unacum

177 644 229 704 illo
244 661 301 722 per
315 643 444 704 modum
458 642 551 703 unius
565 642 660 703 ritum
676 643 886 721 operabantur
898 663 961 705 non
973 663 1063 708 secus
1073 666 1109 708 ac

177 738 271 800 hodie
299 740 442 799 servatur
465 739 498 822 in
535 737 732 800 ordinatione
760 739 1026 819 presbyterorum
1054 747 1109 802 aut

178 835 397 913 episcoporum
417 834 663 897 consecratione.
864 846 866 850 ·

218 931 278 992 Sed
294 947 375 990 unus
390 929 522 1008 quisque
536 929 620 991 videt
635 923 720 1010 quod
735 932 766 992 in
787 935 873 994 tanto
896 933 940 994 rei
955 934 1107 1012 apparatu

179 1025 366 1106 paucissima
381 1027 470 1087 erent
485 1026 676 1099 essentialia,
691 1046 760 1107 quae
775 1029 920 1092 videlicet
934 1029 983 1090 vel
998 1029 1030 1089 in
1044 1049 1107 1090 una
1152 1024 1156 1036 '

179 1126 366 1188 consistebat
390 1126 625 1188 consecratione
649 1145 667 1186 a
691 1128 855 1189 sacerdote
876 1127 970 1204 iacta,
995 1127 1045 1190 vel
1070 1129 1109 1189 ad

179 1233 335 1282 summum
351 1218 392 1280 ad
406 1217 487 1279 illius
502 1219 755 1279 communionem
770 1238 825 1298 pro
838 1222 1024 1282 sacramenti
1040 1239 1111 1281 con-

179 1315 386 1378 summatione
415 1313 652 1377 extendebatur.
682 1316 759 1378 Inde
791 1317 856 1395 jam
889 1321 955 1377 tum
984 1317 1024 1376 ab
1050 1317 1111 1377 illis

178 1412 422 1495 primisseeculis
437 1410 564 1490 quando
579 1411 630 1472 ille
652 1415 715 1472 tem
737 1411 924 1490 conspicuus
945 1410 1110 1471 ordinariae
1140 1419 1144 1425 '

179 1506 1110 1582 celebrationismodus,nondeerantextraordinarieexem-

178 1605 240 1683 pla,
257 1604 369 1690 quibus
384 1621 403 1663 a
417 1602 547 1682 singulis
561 1604 751 1683 presbyteris
765 1603 892 1682 privatis
907 1603 938 1663 in
948 1603 1109 1683 domibus,
1151 1592 1154 1597 ’

179 1701 229 1763 vel
244 1701 337 1761 etiam
353 1705 425 1760 ante
440 1699 555 1760 lectum
568 1696 644 1760 mox
658 1699 816 1760 morituris
837 1717 960 1762 sacrum
982 1718 1111 1780 perege-

152 1873 153 1876 *
179 1800 280 1860 batur.
297 1796 392 1856 Porro
407 1795 515 1858 isthaec
527 1796 673 1874 exempla
688 1797 727 1858 de
742 1797 793 1858 die
813 1797 846 1856 in
866 1796 949 1860 diem
964 1799 1112 1879 multipli-

180 1900 250 1955 cata
264 1894 327 1953 sive
342 1896 377 1954 ut
390 1889 531 1953 fidelium
547 1892 771 1969 commoditati,
795 1891 860 1953 sive
875 1895 910 1954 ut
926 1910 1034 1953 eorum
1048 1893 1112 1971 pie-

178 1991 234 2052 tati
262 1988 438 2065 satisfieret,
467 1987 619 2048 transiere
643 1988 675 2046 in
703 1990 844 2066 regulam
868 2005 930 2066 que
954 1987 1111 2050 ordinario

178 2086 285 2146 liceret
299 2083 428 2164 singulis
443 2082 658 2144 sacerdotibus
674 2082 740 2142 sine
755 2084 829 2144 oleri
849 2083 1017 2162 populique
1039 2100 1106 2143 con

179 2184 273 2240 ventu
286 2177 412 2239 Missam
428 2177 601 2249 celebrare,
617 2192 680 2236 nno
695 2176 835 2236 adhibito
850 2175 1043 2237 ministrante
1058 2178 1111 2255 qui

180 2271 373 2333 orationibus
387 2275 418 2332 et
432 2268 578 2346 precibus
593 2267 809 2347 responderet.
822 2270 890 2330 Non
900 2270 1005 2330 temen
1022 2268 1112 2328 obso-

180 2368 253 2430 levit
276 2367 403 2428 emnino
427 2371 548 2427 vetusta
571 2365 624 2426 ille
647 2365 825 2427 celebrandi
848 2363 1031 2442 discipline;
1056 2365 1112 2426 sed

180 2463 263 2526 illiue
276 2463 442 2543 vestigium
456 2461 551 2540 peulo
566 2461 781 2525 modificatum
795 2466 891 2523 restet
914 2461 978 2522 sive
992 2462 1025 2522 in
1037 2461 1111 2524 Mis·

181 2561 222 2622 sie
236 2561 353 2640 quasin
365 2558 741 2620 ecclesiiscathedrelibus
751 2559 862 2619 diebus
872 2557 1112 2619 solemnioribus

181 2656 342 2718 celebrant
355 2655 503 2734 episcopi,
520 2654 569 2716 vel
582 2655 615 2716 in
633 2655 735 2715 missis
759 2655 954 2717 solemnibus
977 2672 1047 2736 quae
1071 2655 1113 2716 ed

181 2753 262 2813 illius
276 2751 481 2813 imitationem
496 2750 693 2813 celebrentur
707 2751 739 2812 in
753 2751 874 2813 caeteris
884 2752 1023 2813 ccelesiis
1038 2767 1113 2812 con-

181 2848 389 2928 ventualibus„
407 2853 438 2908 et
451 2848 556 2927 eliqua
571 2866 608 2909 ex
623 2851 712 2929 pente
734 2849 828 2911 etiem
848 2849 881 2909 in
900 2848 995 2908 missa
1017 2863 1110 2924 quam

181 2946 292 3007 diebus
306 2944 392 3006 lestis
406 2945 564 3013 celebrent
578 2945 705 3024 parochi
716 2945 747 3005 in
765 2945 829 3005 suis
839 2943 994 3022 parochiis
1004 2959 1110 3002 coram
1181 2976 1183 2979 -

179 3042 272 3123 plebe
287 3059 363 3114 sua;
381 3059 451 3119 quae
467 3041 694 3121 aliquantulum
704 3044 736 3102 et
746 3041 822 3120 ipsee
833 3038 971 3101 collectis
982 3038 1113 3099 vetustis

181 3143 311 3216 possunt
325 3137 511 3216 comparari.
527 3138 568 3200 Ut
581 3138 631 3198 he
645 3138 748 3199 missae
763 3151 832 3213 qnae
843 3131 1065 3195 solemniorem
1080 3133 1114 3193 in

182 3234 311 3296 modum
330 3234 529 3296 celebrantur
549 3233 590 3294 ab
613 3232 675 3294 illis
694 3228 933 3293 secernerentur
951 3246 1022 3308 quae
1047 3228 1113 3290 sine

104 3334 106 3337 ’
182 3331 241 3391 hac
255 3329 401 3392 exterieri
415 3345 543 3409 pompa,
560 3328 627 3389 sine
646 3327 706 3388 boc
726 3330 892 3401 conventu,
913 3342 976 3386 uno
990 3324 1113 3385 tantum

182 3425 378 3488 ministrante
394 3425 549 3489 submissa
563 3441 639 3487 voce
654 3422 865 3498 celebrantur,
884 3420 944 3482 illae
969 3419 1114 3500 publices,

185 3522 234 3583 ba
248 3523 378 3600 privatae
393 3524 482 3585 dictae
498 3528 582 3582 eunt.
