2548 4020
174 249 230 305 l80
382 255 607 304 INSTITU'l'IONFlS
628 256 710 302 touls
732 254 889 302 GANONIGI.

170 405 203 464 in
216 421 249 464 re
265 405 371 464 nostra
384 418 448 462 non
461 389 660 480 praesumitur
672 399 798 462 irritans
812 400 872 461 nisi
885 403 920 462 ut
932 399 1005 462 talis
1019 401 1105 478 posi-

170 499 232 559 tive
253 498 535 572 demonstraretur3
558 496 608 558 vel
622 514 659 556 ex
674 513 712 557 eo
728 495 813 576 quod
835 496 993 558 contiueat
1015 497 1106 556 clau-

170 594 270 656 sulam
277 593 451 656 irritantem
462 610 652 672 expressam,
662 593 711 654 vel
720 591 869 670 implicite
881 596 1036 673 quatenus
1051 592 1104 653 lex

170 691 287 751 directe
314 692 433 768 spectat
461 689 666 750 substantiam
694 682 894 750 matrimonii.
924 690 997 752 lam
1024 708 1102 750 vero

169 787 324 864 generalis
345 791 463 848 naturae
477 785 528 846 lex
543 803 612 865 quae
634 783 776 864 praecipit
798 784 917 846 servari
940 788 1025 860 vota,
1042 803 1102 846 nec

169 884 266 946 ullam
280 883 417 946 continet
432 887 517 944 certe
531 883 704 944 clausulam
726 880 901 944 irritantem
921 881 1102 960 explicitam

169 979 273 1063 quoad
288 978 488 1039 matrimonia
502 978 695 1053 voventium,
709 995 767 1038 uec
777 996 815 1038 ea
825 978 943 1039 directo
954 977 1102 1054 prohibet

168 1078 322 1156 quatenus
336 1073 454 1153 aliquid
469 1073 508 1150 de
523 1073 697 1136 substantia
712 1077 743 1135 et
758 1074 892 1135 essentia
907 1073 1100 1136 matrimonii

167 1171 250 1231 iniis
266 1169 427 1232 connubiis
442 1167 649 1230 desideretur.

207 1268 287 1326 Nam
305 1269 404 1328 status
423 1264 597 1344 conjugalis
611 1270 736 1325 nonest
750 1265 891 1326 absolute
912 1263 1101 1342 incompati-

166 1359 238 1420 bilis
253 1377 325 1420 cum
346 1361 428 1420 statu
446 1357 607 1435 castitatis,
626 1357 700 1437 quia
722 1377 796 1418 usus
819 1358 953 1418 carnalis
976 1357 1099 1436 copulae

167 1474 229 1516 non
248 1455 418 1535 requiritur
435 1455 468 1515 iu
483 1453 657 1529 connubiis,
675 1461 706 1514 et
724 1457 833 1515 mutuo
853 1470 1008 1514 consensu
1027 1471 1099 1530 pos-

166 1553 239 1611 sunt
259 1548 410 1629 oonjuges
429 1549 474 1610 illi
494 1550 690 1625 renuntiare,
712 1549 763 1611 vel
783 1551 848 1609 Deo
873 1548 1099 1609 continentiam

166 1639 351 1725 perpetuam
372 1665 496 1708 vovere.
514 1649 598 1727 Ergo
617 1648 667 1709 lex
682 1647 833 1709 naturalis
854 1664 916 1707 uon
937 1645 1100 1707 interdicit

165 1741 351 1803 voventibus
364 1743 610 1820 matrimonium,
619 1748 771 1823 tanquam
779 1743 854 1823 quid
861 1741 1098 1819 incompatibili*¹

166 1837 198 1890 et
218 1829 360 1892 absolute
389 1849 569 1910 repugnans
590 1850 664 1892 oum
684 1832 748 1894 voti
770 1831 927 1907 custodia,
944 1835 1099 1909 tanquam

163 1923 312 2002 prohibet
330 1924 532 1986 matrimonia
549 1926 631 1987 inter
648 1930 769 2005 patrem
789 1931 820 1988 et
834 1926 941 2001 filiam,
958 1924 1009 1986 vel
1027 1943 1099 1984 ma-

163 2013 312 2072 trimonia
339 2031 411 2074 cum
439 2014 616 2076 conditione
645 2017 728 2095 turpi
756 2019 866 2078 contra
887 2013 1098 2076 substantiam

164 2105 371 2181 matrimonii;
391 2107 445 2168 sed
461 2107 563 2168 solum
584 2109 679 2171 babet
696 2114 801 2172 actum
821 2107 954 2170 carnalis
974 2107 1097 2185 copulae

162 2208 313 2282 tauquam
326 2203 555 2265 inconciliabile
574 2221 647 2265 cum
660 2205 724 2267 voti
740 2205 894 2284 custodia,
909 2208 940 2267 et
954 2221 1016 2264 nou
1031 2222 1098 2263 res-

162 2301 238 2380 picit
257 2301 491 2362 matrimonium
512 2300 570 2361 nisi
590 2301 760 2379 indirecte,
781 2305 813 2363 et
833 2305 987 2382 quatenus
1011 2301 1097 2360 rela-

161 2398 279 2458 tionem
294 2397 378 2459 dicat
391 2396 432 2458 ad
446 2397 547 2471 illam;
564 2416 627 2458 non
641 2399 732 2458 aliter
746 2417 783 2458 ac
794 2398 846 2478 jus
861 2396 1004 2459 naturale
1021 2414 1096 2474 pro-

162 2494 249 2554 hibet
268 2493 339 2554 filiis
359 2495 605 2571 matrimonium,
621 2494 875 2555 dissentientibus
896 2492 1093 2573 parentibus,

161 2606 223 2648 uon
245 2589 362 2650 directe
384 2607 447 2668 qua
467 2591 701 2652 matrimonium
723 2593 780 2666 est,
798 2588 888 2669 quasi
910 2587 1029 2667 aliquid
1052 2589 1094 2649 de

160 2684 335 2744 substantia
348 2684 430 2760 illius
445 2685 650 2764 desideretur,
667 2687 723 2748 sed
737 2685 900 2762 indirecte,
915 2685 1094 2746 accidenta-

160 2780 231 2840 utar
241 2782 272 2839 et
282 2778 339 2839 sub
354 2780 497 2858 generali¹
508 2782 660 2862 principio
676 2802 736 2862 quo
752 2783 889 2844 inculcat
903 2782 1093 2862 obsequium

160 2893 234 2956 crgo
251 2880 407 2954 parentes.

198 2972 288 3034 Adde
304 2973 356 3053 jus
375 2973 542 3052 positivum
561 2976 805 3039 ecclesiasticum
826 2993 998 3055 agnoscere
1012 2975 1095 3037 vali-

159 3071 288 3132 ditatem
306 3070 493 3132 matrimonii
516 3073 736 3133 nonnullorum
751 3072 944 3148 voventium,
962 3075 996 3133 ut
1010 3070 1059 3131 inf
1077 3109 1093 3118 -

157 3167 221 3226 rius
242 3166 393 3244 dicemus,
411 3171 441 3228 et
455 3168 586 3244 proinde
607 3187 670 3228 non
689 3187 860 3249 agnoscere
883 3168 966 3229 hanc
986 3168 1091 3247 legem

156 3260 331 3319 naturalem
349 3262 500 3339 tanquam
519 3261 693 3323 irritantem
707 3281 771 3341 prae
786 3262 908 3324 ratione
928 3261 992 3323 voti
1013 3261 1092 3322 sim·

115 3351 117 3354 ’
158 3353 291 3433 pliciter.
1008 3429 1010 3434 ‚

193 3449 226 3508 2⁰
247 3444 279 3506 Si
302 3448 432 3530 quaestio
456 3452 538 3510 asset
557 3449 735 3512 definienda
756 3469 793 3510 ex
812 3450 884 3530 jure
913 3447 1097 3527 canonico,-
