2504 4024
373 311 412 356 nr
435 310 562 357 omucro
581 311 664 359 Jonrs
686 313 841 362 cruorum.
1014 307 1067 367 tot

178 454 291 516 Addite
306 452 404 532 vulgo
419 450 494 512 ferri
507 451 607 513 solere
622 453 781 533 quoddam
794 455 995 537 privilegium
1013 459 1070 521 da-

136 554 205 612 tum
218 550 258 610 ab
271 551 382 610 Innoo.
400 548 470 610 VIII
480 546 511 607 in
521 546 609 609 bulla
618 547 762 628 Ecposoit
774 549 881 610 lavore
896 551 1002 615 abbati
1013 573 1071 634 ge-

138 645 236 707 nerali
249 643 505 707 cisterciensium
522 662 581 722 pro
602 644 747 715 omnibus
768 646 932 706 monachis
953 649 1069 711 ordinis

136 743 195 818 sui,
212 747 243 802 et
256 741 366 802 favore
382 741 517 819 quatuor
530 738 753 818 prIman'orum
766 740 917 802 abbatum
932 759 989 820 pro
1004 761 1071 806 mo·

137 836 347 898 nestorianum
361 851 491 896 suorum
504 834 658 914 religiosis
673 835 777 913 quoad
791 833 935 897 ordinem
944 837 1069 898 subdia-

137 935 266 994 conatus
281 933 314 993 et
328 930 513 993 diaconatus
530 949 537 990 ε
553 930 874 992 imooontrovertitur
891 932 974 992 inter
994 932 1070 994 doo-

137 1032 218 1088 tores
245 1045 288 1088 an
321 1025 427 1088 valeat
458 1027 495 1086 R.
529 1026 563 1086 P.
601 1025 748 1105 delegare
781 1027 823 1088 ad
858 1027 1069 1090 sacerdotium

135 1120 373 1197 conferendum,
389 1119 463 1182 licet
476 1118 570 1199 hujus
591 1119 797 1200 delegationis
816 1122 938 1184 nullum
957 1123 1069 1184 affera-

136 1215 390 1295 turexemplum.
838 1209 841 1212 ’

174 1313 254 1374 VIII.
272 1310 403 1374 Menimi
417 1327 467 1371 me
478 1310 631 1372 anteactis
641 1309 898 1390 explicationibus
908 1312 1068 1392 quoddam

133 1413 295 1469 tentamen
310 1406 510 1486 proposuisse
525 1407 566 1468 ad
581 1404 802 1484 explicandum
816 1406 973 1487 quomodo
984 1406 1068 1468 dele-

134 1503 216 1582 gatio
231 1502 359 1580 poterat
372 1500 562 1563 intervenire
581 1501 613 1561 in
628 1517 724 1562 causa
738 1502 995 1578 confirmationis,
1013 1521 1067 1564 cu-

131 1597 182 1677 jus
204 1595 336 1676 aliquod
359 1596 512 1658 indicium
535 1595 716 1675 deprompsi
744 1614 782 1658 ex
798 1597 940 1658 .Borardi
961 1599 994 1658 iu
1013 1598 1066 1679 jus

133 1693 296 1772 publicum
310 1691 557 1753 ecclesiasticum
571 1691 626 1753 ubi
639 1692 759 1769 praebet
773 1691 1004 1755 distinctionem
1018 1693 1067 1755 in-

134 1795 181 1850 ter
193 1791 383 1868 potestatem
406 1786 524 1848 ordinis
543 1789 575 1848 et
589 1785 825 1866 jurisdictionis.
847 1789 886 1850 Ilt
903 1787 980 1849 mihi
998 1790 1067 1850 visa

134 1891 179 1946 ast
191 1903 260 1964 prae
276 1882 398 1945 caeteris
412 1882 611 1962 opinionibus
625 1884 873 1960 accommodata,
890 1889 922 1944 et
935 1884 1011 1946 mibi
1022 1885 1065 1945 vi-

134 1980 223 2042 detur
248 1978 345 2040 etiem
364 1978 466 2057 magis
485 1978 645 2040 cohaerere
659 1977 763 2038 verbis
777 1977 963 2054 Tridentini,
980 1978 1065 2058 quod

133 2072 243 2134 asserit
258 2071 379 2131 nullam
392 2071 458 2132 sive
473 2070 679 2131 confirmandi
693 2071 760 2132 sive
775 2071 942 2134 ordinandi
960 2076 1065 2150 potes-

132 2171 228 2232 tatem
243 2167 462 2228 seoerdotibus
477 2168 667 2244 competere.
685 2168 839 2228 Gaeterum
853 2184 988 2229 veneror
1000 2169 1065 2247 opi-

134 2264 240 2324 niones
256 2276 368 2322 eorum
382 2259 436 2339 qui
450 2275 501 2319 me
515 2258 720 2339 sapientiores
735 2260 818 2319 sunt.
882 2267 885 2274 '

170 2358 265 2422 Modo
280 2355 451 2417 consimilis
467 2354 580 2416 modus
593 2354 763 2415 solvendus
783 2354 866 2414 esset
883 2352 944 2413 hac
961 2351 993 2412 in
1016 2372 1061 2416 re.

170 2454 289 2516 Omitto
305 2449 513 2532 quaestionem
527 2469 568 2512 an
583 2452 619 2510 It.
642 2451 676 2510 P.
698 2449 797 2528 possit
814 2446 960 2526 delegare
980 2447 1065 2510 ordi-
1149 2438 1152 2444 ’

135 2548 227 2611 nandi
256 2545 459 2626 presbyteros
484 2546 683 2624 potestatem.
710 2546 746 2605 ln
767 2543 816 2604 hIs
839 2542 1064 2624 questionibus

135 2645 210 2707 alius
225 2662 290 2705 non
305 2644 353 2702 est
367 2641 479 2702 melior
497 2639 650 2720 arguendi
669 2640 782 2702 modus
801 2657 896 2721 quam
913 2639 989 2702 illud
1010 2641 1065 2722 qui

135 2759 169 2801 ex
182 2740 266 2801 iacto
287 2738 397 2800 oritur.
417 2739 466 2798 Ite
485 2756 522 2798 ex
542 2735 632 2798 factis
650 2736 793 2817 arguitur
810 2741 948 2815 potestas
967 2740 1003 2800 R.
1025 2740 1062 2800 P.

135 2834 302 2916 delegandi
322 2835 362 2920 ad
383 2836 616 2895 sacramentum
637 2833 899 2910 confirmationis,
922 2834 1064 2897 solvendi

135 2928 368 2993 matrimonium
381 2930 487 2990 retum
502 2945 565 2990 non
579 2932 840 2992 consummatum.
857 2929 890 2990 Si
905 2927 987 2990 iacta
1001 2946 1061 2989 non
1181 3011 1183 3014 Ι

136 3029 248 3103 essent,
265 3024 359 3087 vaide
374 3024 413 3085 de
429 3024 489 3084 hae
501 3024 648 3086 facultate
664 3022 809 3085 exmeris
819 3022 1063 3102 prinpriisspe-

135 3122 277 3184 culativis
290 3121 532 3200 ambigeremus.
549 3121 681 3192 Quando
696 3138 771 3200 ergo
790 3121 854 3194 fiet,
876 3118 901 3180 si
919 3118 989 3179 flori
1006 3137 1064 3197 po-

134 3220 202 3294 test,
233 3219 268 3280 ut
287 3217 324 3277 a.
345 3218 380 3278 P.
403 3216 485 3277 hano
512 3216 694 3279 facultatem
717 3214 907 3292 committat,
929 3216 1004 3277 tunc
1024 3217 1063 3278 de

133 3311 214 3374 illius
228 3313 384 3390 potestate
399 3313 460 3374 hac
473 3311 506 3373 in
520 3330 555 3373 re
568 3313 774 3392 inquiremus.

172 3407 289 3469 Omitto
304 3407 423 3485 pariter
440 3408 646 3488 quaestionem
666 3405 859 3467 consimilem
879 3422 949 3487 quae
968 3408 1065 3488 agita-

33 3509 34 3534 *
134 3502 236 3564 turdo
251 3502 431 3565 dIaconatu.
453 3504 690 3566 Monumentum
714 3501 797 3581 quod
819 3519 914 3582 supra
934 3502 1064 3564 allatum

931 3599 961 3651 δι
