2476 4022
340 299 380 346 nn
401 297 529 346 cessero
548 299 630 347 runis
652 299 806 349 cancrum.
878 335 880 339 a
909 305 912 315 ·
998 292 1038 351 73

103 441 373 505 reservationibus
388 460 466 521 quas
483 459 540 521 pro
560 444 769 522 quorumdam
786 444 967 523 graviorum
981 446 1038 507 cri·

104 539 229 599 minum
243 537 432 599 coercitione
448 539 484 597 R.
502 540 535 598 P.
553 537 704 598 fecerunt.

144 635 289 694 Potestas
306 632 396 711 quasi
410 631 593 710 episcopalis
613 631 822 710 quorumdam
838 631 1038 709 praelstorum

105 727 292 788 habentium
307 728 485 804 separatum
498 725 702 803 territorium,
714 727 764 787 vel
778 726 980 805 praelatorum
992 747 1039 790 re-

105 821 266 901 gularium
288 820 392 900 quoad
413 839 485 882 suos
505 819 647 882 subditos
664 822 849 899 respective,
872 822 1040 903 episcopali

105 917 139 976 in
153 917 262 978 multis
276 919 309 978 et
322 915 386 976 fere
401 915 432 976 in
447 917 592 976 omnibus
608 920 818 995 comparatur.

146 1011 178 1070 3ῠ
200 1008 234 1070 Si
255 1006 456 1088 conjungitur
476 1026 548 1070 cnm
567 1009 653 1069 nulla
667 1008 896 1088 jurisdictione,
917 1014 1040 1073 tentum

107 1106 211 1181 potest
234 1120 381 1163 exercere
409 1106 561 1183 quantum
586 1105 800 1166 committitur.
830 1106 1041 1170 committitur

107 1204 213 1259 autem
231 1217 239 1258 :
254 1231 296 1244 -
310 1200 340 1258 1⁰
356 1197 506 1258 Omnibus
520 1198 711 1278 presbyteris
725 1199 765 1260 ab
783 1187 851 1280 ipso
869 1201 941 1280 jure
956 1220 1039 1263 com-

107 1295 196 1354 muni
208 1294 242 1353 in
257 1310 332 1354 casu
348 1293 551 1370 necessitatis,
569 1312 624 1354 seu
639 1295 671 1354 in
685 1294 823 1372 periculo
838 1297 958 1372 mortis,
975 1298 1040 1357 sive

107 1389 174 1451 ulta
186 1388 390 1462 limitatione;
406 1421 447 1433 -
456 1392 487 1449 2⁰
498 1389 740 1450 Paenitentiariis
754 1388 926 1469 majoribus
936 1391 1040 1470 singu-

108 1484 210 1545 larum
221 1484 404 1546 dioecesium
413 1485 534 1546 ratione
544 1484 694 1560 numeris,
703 1487 734 1545 et
744 1483 901 1545 ordinario
909 1485 1041 1564 proinde

108 1581 314 1642 committitur
335 1584 402 1642 tota
420 1580 474 1640 iila
495 1597 565 1659 quae
582 1579 653 1659 jure
675 1579 801 1658 proprio
821 1583 853 1640 et
871 1579 1040 1660 originario

109 1677 208 1739 estin
228 1675 361 1756 singulis
381 1675 547 1754 episeopis,
572 1691 706 1755 qnorum
729 1674 833 1753 aliquo
855 1693 948 1736 sensu
969 1679 1042 1736 sunt

108 1775 217 1835 vicarii
232 1774 396 1855 generales
405 1791 462 1853 pro
474 1791 512 1834 ea
521 1776 609 1852 parte
621 1772 847 1852 jurisdictionis
858 1789 927 1852 quae
938 1773 1041 1834 iorum

90 1869 92 1874 '
108 1870 267 1930 internum
282 1867 426 1948 respicit;
442 1901 483 1914 -
495 1871 527 1929 3ο
541 1869 618 1929 Aliis
631 1868 823 1947 presbyteris
837 1867 1042 1930 committitur

102 1966 221 2026 affecta
235 1963 500 2026 reservationibus
519 1981 582 2024 non
600 1967 723 2025 tantum
740 1961 916 2042 pontificiis,
933 1961 989 2022 sed
1010 1964 1041 2022 et

109 2061 358 2140 episcopalibus3
375 2065 408 2120 at
421 2077 484 2120 non
499 2059 644 2120 omnibus
657 2057 859 2137 presbyteris,
875 2057 931 2118 sed
946 2059 977 2117 1ο
992 2076 1040 2118 or-

109 2156 231 2217 dinario
247 2154 385 2236 quodam
399 2154 493 2215 modo
508 2154 665 2233 parochis,
683 2171 827 2234 quorum,
844 2157 879 2212 ut
899 2169 956 2212 sno
970 2153 1040 2213 loco

109 2252 228 2316 dictum
242 2256 300 2328 est,
312 2268 425 2311 munus
437 2249 630 2310 ordinarium
647 2253 694 2311 est
711 2249 850 2308 omnium
861 2265 1041 2307 sacramen·

109 2352 213 2420 torum
233 2344 461 2406 administratio
482 2361 538 2423 pro
552 2341 645 2422 plebe
660 2359 728 2417 sua,
746 2356 815 2418 quae
830 2338 942 2398 saltem
957 2338 1042 2396 ordi-

102 2442 195 2504 narie
235 2440 485 2503 administranda
525 2437 717 2518 preshyteris
758 2432 1036 2505 commendantur;

110 2534 410 2597 2⁰·extraordinario
431 2532 568 2613 quodam
589 2530 695 2602 modo,
710 2543 765 2589 seu
787 2547 826 2588 ex
845 2527 1041 2606 delegatione

112 2647 178 2708 qnae
199 2631 306 2710 potius
326 2628 467 2708 personis
480 2627 613 2688 iuhaeret
633 2643 728 2704 quam
748 2623 880 2699 numeri,
897 2622 1042 2683 omnibus

112 2727 161 2804 qui
182 2725 362 2804 specialiter
383 2723 424 2786 ad
442 2723 502 2784 hoc
520 2721 657 2783 officium
675 2721 715 2782 ab
734 2719 880 2798 episcopo
895 2721 968 2780 sunt
986 2736 1042 2797 ap·

112 2819 245 2896 probati.

285 2957 318 3002 11.
331 2957 364 3002 De
374 2958 442 3014 ponte
453 2957 475 3000 in
487 2955 615 3012 penitentia
626 2928 760 2998 sacramento
772 2952 866 2996 inflicti..

147 3109 202 3171 111.
217 3110 291 3188 Ipsa
301 3108 412 3190 judicii
425 3109 466 3169 de
476 3127 538 3189 quo
549 3109 653 3188 agitur
662 3110 784 3182 natura,
796 3102 942 3164 videlicet
956 3101 1040 3181 quod

113 3210 343 3268 sacramentum
357 3207 406 3283 sit,
423 3205 518 3266 efficit
532 3209 566 3266 ut
580 3204 656 3264 dum
673 3205 787 3262 caetcra
804 3197 924 3278 judicia
938 3197 1043 3257 crimi-

113 3300 193 3362 nalia
207 3301 353 3363 ordinata
367 3302 429 3364 sint
443 3300 484 3362 ad
500 3299 694 3380 punitionem
711 3297 768 3370 rei,
785 3295 845 3354 hoc
863 3293 1042 3354 ordinatum

113 3394 149 3456 sit
162 3395 205 3456 sd
219 3397 266 3457 rei
277 3395 541 3476 justificationem,
558 3400 590 3457 et
604 3392 732 3473 quidem
746 3407 808 3449 non
823 3407 932 3448 veram
949 3389 1043 3468 justi-

112 3489 290 3554 ficationem
304 3496 522 3571 extrinsecam,
539 3511 602 3573 qna
615 3506 687 3550 reus
702 3486 851 3550 innocens
870 3504 977 3546 coram
992 3505 1044 3545 so-

195 3581 198 3586 ’
218 3605 285 3644 rou.
306 3605 336 3644 ιι.
918 3585 936 3640 5
