2548 4020
382 301 421 346 on
442 299 571 346 caruero
591 299 674 346 runrs
695 301 849 348 cenonrcr.
1022 291 1079 351 l83

138 453 253 513 votum
269 446 411 509 solemne
426 461 492 523 prae
506 451 579 506 voto
600 444 733 524 simplici
753 446 921 524 castitatis,
939 463 1010 508 cnm
1025 467 1078 511 ua-

139 551 216 610 tura
230 561 289 604 sua
304 560 368 603 non
387 541 544 617 differant,
561 544 616 602 eut
637 542 747 602 saltem
763 559 825 602 non
841 542 1006 605 videantur
1019 545 1079 606 dif-

141 645 236 720 ferre,
255 648 288 702 et
301 644 472 719 utrumque
487 639 630 700 similiter
644 639 785 720 obligare
799 641 884 718 apud
898 643 1008 704 Deum.

182 737 244 801 Alii
259 738 293 798 in
306 736 384 798 elias
398 735 505 796 abiere
521 736 710 798 sententias:

182 840 214 898 l⁰
230 833 380 896 Nonnulli
402 835 554 910 putarunt
572 831 646 912 quia
660 831 762 912 maJ'or
781 835 828 894 est
847 831 1031 894 deliberatio
1045 834 1077 894 in

139 940 216 999 voto
230 932 374 1008 solemni,
391 949 487 1011 quom
502 948 564 992 nou
580 931 620 992 sit
633 930 665 990 in
680 934 753 992 voto
768 931 912 1010 simplici.
930 930 993 993 Sed
1008 931 1077 992 haec

140 1031 190 1090 est
208 1044 298 1087 mera
318 1024 539 1104 praesumpti03
556 1023 611 1084 sed
626 1024 752 1086 realiter
774 1025 945 1105 aliquando
967 1029 1078 1088 cenna

141 1121 269 1184 accidit.

181 1222 215 1278 2⁰
233 1215 297 1277 Alii
315 1214 462 1275 dixerunt
479 1214 511 1274 in
531 1217 603 1275 voto
623 1213 756 1292 simplici
775 1233 842 1274 esse
864 1233 984 1276 meram
1006 1235 1076 1295 pro·

139 1310 325 1372 missionem
344 1307 558 1386 personalem3
574 1309 607 1368 in
626 1311 699 1369 voto
719 1311 825 1368 autem
845 1309 977 1369 solemni
995 1329 1076 1389 prse-

139 1412 231 1470 terea
249 1403 317 1464 fieri
333 1403 504 1483 quamdam
518 1404 720 1465 traditionem
734 1404 940 1482 corporalem,
958 1409 991 1466 ct
1003 1425 1077 1485 per-

139 1520 221 1566 sona
243 1500 478 1580 quodammodo
502 1500 618 1562 sacculo
652 1500 804 1561 morietur
826 1501 859 1560 in
882 1503 1075 1580 professione

138 1599 307 1678 religiosa,
329 1595 381 1657 vel
408 1596 447 1656 de
469 1596 602 1674 profana
628 1597 684 1657 fiat
711 1613 803 1657 sacra
823 1596 855 1658 in
877 1597 1074 1662 ordinatione

140 1693 297 1776 (Berardi,
314 1691 336 1752 l.
352 1689 433 1770 cit).

179 1795 211 1853 3⁰
233 1788 404 1850 Berardius
424 1789 509 1868 ipse,
535 1787 610 1848 dum
632 1774 781 1868 reprobat
804 1790 861 1852 has
883 1793 1072 1871 sententias,

139 1889 235 1950 aliam
246 1885 511 1964 excogitatviam3
528 1884 685 1960 videlieet,
696 1888 858 1964 praemisso
869 1888 955 1968 quod
965 1893 1073 1950 votum

138 1987 252 2063 suapte
266 1984 381 2043 natura
391 1997 453 2040 non
464 1979 590 2042 dirimat
604 1981 850 2058 matrimonium,
867 1983 941 2061 quia
954 1984 986 2044 in
1002 2001 1073 2045 eon-

139 2099 235 2143 cursu
250 2078 386 2138 duarum
401 2075 578 2136 divinarum
593 2077 710 2156 legum,
724 2067 858 2156 quarum
869 2079 969 2139 altera
978 2097 1075 2158 gene-

137 2177 248 2239 raliter
274 2173 370 2253 exigit
396 2172 463 2233 'voti
490 2171 786 2251 adimplementum,
810 2173 872 2232 alia
897 2173 1075 2252 specialiter.

137 2270 331 2336 matrimonii
352 2268 564 2345 stabilitatem,
581 2268 635 2329 illa
648 2285 705 2346 pro
720 2267 803 2330 hono
823 2267 988 2345 individui,
1005 2270 1074 2332 haec

137 2390 195 2453 pro
209 2371 296 2431 bono
314 2365 505 2427 familiarum
520 2368 551 2426 et
564 2366 660 2428 totius
681 2364 850 2441 societatis,
867 2366 1074 2426 conciliantur

138 2469 294 2548 quantum
312 2465 457 2542 possunt3
475 2461 531 2523 sed
549 2462 581 2522 in
602 2467 754 2542 quantum
777 2462 982 2540 colliduntur,
1004 2463 1073 2524 haec

137 2563 182 2624 illi
201 2556 409 2622 anteferenda
426 2560 488 2630 est;
505 2557 684 2636 praemisso,
702 2558 843 2637 inquam,
860 2557 944 2638 quod
964 2561 1072 2619 votum

137 2654 340 2721 conuncntiae
354 2657 465 2732 suapte
480 2659 593 2720 natura
608 2671 669 2714 non
685 2653 811 2715 dirimat
824 2655 1069 2734 matrimonium,

138 2754 215 2815 dicit
228 2756 338 2813 votum
352 2749 491 2810 solemne
504 2750 576 2810 ideo
592 2749 750 2828 dirimere,
763 2751 836 2832 quia
845 2751 896 2812 lex
909 2752 1069 2830 Ecclesia,
1115 2780 1118 2785 ·

137 2852 169 2912 in
184 2867 224 2912 eo
238 2847 464 2928 impedimento
480 2848 626 2926 apposuit
640 2848 811 2910 clausulam
825 2850 1010 2911 irritantem.

177 2949 221 3008 At
235 2950 448 3024 praeterquam
463 2943 548 3022 quod
563 2943 642 3006 ratio
659 2944 698 3004 ab
712 2963 748 3005 eo
763 2945 899 3024 allegata
912 2949 947 3005 ut
960 2946 1071 3022 probet

137 3046 249 3104 votum
281 3043 392 3118 suapte
420 3041 534 3099 natura
561 3056 624 3099 non
653 3039 799 3100 dirimere
823 3038 1067 3115 matrimonium,

137 3137 267 3200 videtur
286 3151 464 3213 supponere
486 3134 571 3214 quod
594 3136 693 3196 estin
718 3135 899 3214 quaestione,
925 3133 1071 3194 videlicet

138 3233 226 3313 quod
240 3230 338 3293 robur
347 3230 536 3292 matrimonii
547 3237 618 3310 post
626 3235 734 3293 votum
745 3230 897 3292 contracti
909 3227 1067 3307 subsistat,

137 3327 254 3390 deinde
276 3343 339 3388 non
362 3326 455 3388 solvit
478 3327 684 3407 quaestionem
707 3330 846 3388 nostram
869 3347 875 3387 :
900 3326 1068 3406 quaerimus

137 3425 222 3486 enim
238 3441 377 3496 causam,
396 3441 493 3502 quare
506 3426 595 3484 tenta
609 3423 641 3482 in
655 3425 727 3484 voto
742 3422 874 3485 solemni
890 3423 1068 3486 adinvenia-

136 3525 190 3587 tur
204 3522 251 3582 vis
265 3539 305 3582 ex
317 3521 387 3600 lege
397 3519 556 3596 Ecclesia,
570 3537 639 3600 quae
650 3537 712 3582 non
724 3520 941 3583 consideratur
953 3521 984 3581 in
993 3525 1067 3584 voto
