2504 4024
162 277 220 338 138
368 284 597 334 1nsr1ror1onns
617 285 701 332 rurus
722 275 877 332 utrorum.

161 434 251 510 verit,
277 433 397 511 peeeet.
422 429 520 505 Illud,
542 435 659 508 peceat,
683 428 819 489 refertur
839 428 880 490 ud
900 432 1086 508 utrumnum

161 529 237 590 illud
250 547 257 589 ι
270 527 329 587 nisi
335 526 376 588 od
386 526 523 604 primum
535 528 658 588 tuntum
667 523 810 586 inuisum.
823 526 906 603 Ergo
917 522 1088 601 propositio

160 621 276 684 curisti
295 622 355 682 huo
376 623 441 697 est:
458 618 652 697 Quicumque
673 617 826 678 dimiserit
848 633 980 676 uxorem
999 633 1090 677 suum

160 716 220 776 nisi
229 715 269 776 ob
279 713 527 788 fornioutionem,
540 712 726 786 moechatur,
739 714 770 772 et
780 711 833 790 qui
844 710 940 770 ulium
951 709 1085 785 duxerit,

159 810 346 884 moeohotur,
358 812 389 870 et
404 807 458 887 qui
472 805 737 866 dimissnmaviro
753 804 886 882 duxerit,
898 805 1085 867 merehatur.

160 903 323 977 Quomodo
346 907 452 964 autom
475 901 597 962 dicatur
620 901 772 962 moechari
792 901 847 979 qui
867 900 995 962 dimittit
1017 917 1088 961 enm

160 1016 230 1077 quae
245 1015 308 1059 non
326 996 480 1060 fornieutn
503 1000 565 1072 ost,
588 999 675 1074 putet
694 1014 732 1056 ex
751 998 819 1074 ipso
843 995 976 1078 Mnthaeo
996 1013 1024 1056 e.
1048 1012 1084 1056 v:

162 1093 261 1154 Omnis
275 1093 329 1174 qui
341 1091 485 1154 dimiserit
497 1108 619 1152 onorem
636 1110 730 1169 suom,
747 1099 866 1171 recepto
884 1089 1088 1169 immetatioiis

159 1207 257 1262 eausa,
273 1188 345 1267 fucit
360 1207 423 1268 eam
437 1186 578 1249 moerkori
589 1196 617 1248 et
629 1188 682 1266 qui
693 1186 840 1248 dimissam
855 1185 985 1260 dormit,
1001 1185 1089 1248 adul-

159 1292 246 1345 teret.

198 1382 281 1461 Ergo
291 1379 432 1454 Christus
442 1379 551 1458 puuois
559 1379 605 1442 ito
614 1378 772 1441 eonoludit
781 1377 974 1456 propositum
983 1396 1087 1458 quaes-

158 1477 299 1538 tionem:
326 1475 559 1537 Matrimonium
587 1477 634 1536 est
660 1475 793 1536 sooietus
827 1473 974 1552 quaedam
1006 1475 1088 1534 reoi-

158 1589 267 1650 proeu‚
290 1588 490 1648 monogamo,
513 1568 747 1640 indissolubilis,
771 1569 815 1631 tin
836 1588 856 1630 a
875 1571 940 1630 Deo
964 1571 1086 1631 naturae

158 1669 286 1727 duetore
309 1665 490 1725 immediate
519 1666 687 1727 constituto
710 1682 780 1744 quae
802 1664 877 1727 iuoit
899 1665 938 1724 de
962 1664 1087 1726 dnobus

158 1776 265 1834 unum,
281 1758 327 1818 ita
339 1761 373 1819 ut
387 1757 427 1818 ub
442 1757 620 1819 hominibus
634 1763 771 1838 nequeat
784 1758 934 1837 separari,
951 1759 1085 1838 proinde

157 1869 220 1911 non
241 1850 337 1912 hahet
358 1867 470 1911 ouusas
485 1851 651 1930 exquibus
671 1852 774 1930 quood
795 1851 954 1914 vinculum
971 1852 1109 1914 dissol-'

155 1952 258 2010 vatur.

195 2043 258 2106 Sed
273 2043 402 2106 dissolvi
421 2047 524 2123 potest
545 2044 650 2123 quood
671 2044 739 2105 oitoe
756 2046 998 2123 consuetudinem,
1015 2063 1086 2108 mo.-

155 2141 248 2200 nente
262 2139 402 2213 vinouio;
420 2139 505 2218 quod
519 2139 586 2200 tisri
596 2142 700 2218 potest
707 2140 740 2201 in
750 2158 826 2202 eosu
840 2140 999 2202 teodonis
1008 2141 1084 2202 fidei

65 2312 67 2316 ι
154 2235 339 2316 conjugalis,
363 2253 419 2298 seu
442 2236 666 2313 seruientium,
687 2241 719 2299 et
737 2237 809 2318 jure
833 2240 972 2316 privatur
994 2257 1082 2318 pars,

154 2349 224 2410 quae
242 2331 307 2411 juri
328 2331 455 2394 ulterius
469 2349 537 2392 sese
556 2333 702 2410 opposuit
715 2338 746 2396 et
758 2334 900 2414 privetur
918 2333 1084 2396 individuo

153 2428 225 2490 vitae
252 2427 479 2489 consuetudine
506 2445 576 2508 quae
603 2427 686 2490 illius
709 2428 829 2490 honum
856 2448 920 2492 non
947 2433 1081 2492 curavit.

153 2523 309 2582 Gaeternm
323 2520 348 2580 si
363 2524 453 2582 extre
473 2539 581 2584 ossum
599 2521 823 2600 fornicationis,
840 2523 910 2603 quis
927 2530 1081 2604 perpetuo

152 2613 322 2676 dimitteret
343 2615 489 2692 invitum,
505 2615 623 2679 feneret
646 2635 717 2678 enm
739 2618 905 2695 moeohor'i,
923 2637 994 2680 oum
1013 2620 1081 2680 sine

151 2709 244 2786 eulpa
262 2710 400 2788 privaret
420 2712 551 2773 honesto
567 2731 625 2772 usu
640 2713 788 2794 oonjngii,
803 2714 997 2794 proindeque
1018 2716 1083 2796 edin

151 2825 247 2868 oense
260 2807 418 2870 ordinaria
433 2812 550 2872 eoaotae
564 2808 754 2873 dimissionis
773 2829 837 2873 non
851 2814 899 2874 est
912 2813 972 2872 nisr
963 2811 1081 2872 iorni-

151 2904 231 2967 estio
246 2904 337 2966 unius
351 2905 459 2984 portis.
543 2939 546 2944 ·

188 2999 568 3080 vl.1tudeeleratalege
592 3000 794 3078 matrimonii,
810 3001 947 3062 debehat
965 2976 1080 3062 nutura

149 3094 264 3156 sentire
279 3112 369 3156 suam
386 3094 666 3173 improportionem
681 3094 857 3157 adtentum
879 3093 1080 3157 sanctitatem

148 3189 397 3250 observandam:
414 3188 506 3250 Siito
520 3196 662 3251 estonum
682 3189 805 3250 dominis
825 3207 891 3252 rom
914 3209 1015 3269 onore,
1031 3192 1080 3252 in·
1153 3254 1159 3260 ,

148 3283 258 3362 quiunt
273 3284 427 3362 discipuli,
444 3304 502 3344 noo
516 3284 634 3365 expedit
647 3285 763 3347 nubere.

187 3376 327 3437 Christus
341 3379 503 3456 respondit
515 3381 618 3458 gretia
626 3381 660 3441 id
670 3380 804 3443 obtineri
818 3400 923 3460 posse,
935 3384 977 3446 nd
990 3384 1078 3464 quod

146 3471 250 3548 impar
270 3474 535 3534 natumnatum
556 3477 668 3537 suadet
691 3477 834 3557 exemplo
858 3478 988 3558 majoris
1005 3497 1077 3558 per·
