2548 4020
199 279 257 336 tlt
405 279 636 336 iusrrromouss
657 287 740 334 roris
762 288 917 335 carorum.

199 453 293 516 quem
308 451 364 514 per
379 433 494 514 gradus
516 431 645 513 patebat
656 449 807 494 ascensus
830 433 979 512 incoque
1002 435 1128 498 stabant

120 583 122 588 .
198 535 343 593 cantores
362 530 548 604 etlootorcs,
574 527 626 607 qui
641 527 788 606 epistolas
811 530 1019 610 etevangalia
1042 531 1127 612 loge-

197 626 284 702 bant,
300 626 332 686 in
347 643 448 704 eoquo
462 624 586 707 dyptica
600 622 820 687 recitabantur.

237 724 271 783 3a
285 724 322 782 llt
335 721 443 782 intima
457 739 529 800 pars
544 727 611 782 orat
625 720 825 782 sanctuarium
850 722 933 800 quod
948 723 1046 784 Graeci
1072 743 1130 804 ap-

199 818 358 895 pellabant
387 828 458 889 Βῆμα
485 817 629 878 cancellis
652 817 806 878 munitum
829 822 1036 897 septumque;
1064 819 1129 880 huc

196 918 284 979 laicis
309 916 473 978 vetabatur
499 934 658 978 ascensus.
684 917 836 996 Suprema
864 936 937 997 pars
963 920 1130 981 sanctuarii

197 1013 273 1093 apsis
286 1011 459 1089 dicebatur,
476 1012 642 1073 aedificium
657 1013 775 1074 scilicet
791 1013 977 1075 semicirculi
991 1015 1126 1077 formam

105 1128 108 1133 ·
198 1109 348 1170 exhibens
372 1107 425 1170 ubi
440 1108 573 1170 thronus
595 1112 662 1171 crat
676 1109 823 1189 episcopi,
850 1117 879 1172 et
894 1109 984 1171 sedes
1008 1111 1126 1172 circum

197 1205 451 1286 presbytororum
467 1225 474 1267 ε
492 1205 523 1265 iu
549 1205 663 1283 medio,
688 1205 805 1268 scilicet
826 1205 979 1285 apariate
1003 1207 1126 1285 sejunc-

196 1305 274 1379 tum,
291 1309 357 1363 eret
380 1301 475 1364 oltcrc
497 1321 552 1364 scu
575 1320 663 1364 sacra
686 1320 796 1364 mensa
818 1302 850 1362 iu
874 1319 937 1380 qua
959 1303 1127 1366 offerretur

196 1399 393 1463 eucharistia.
412 1401 530 1464 Altaria
546 1399 634 1464 initio
649 1401 860 1480 utplurimum
870 1400 996 1462 luerunt
1005 1400 1123 1479 lignea,

196 1497 309 1558 deinde
330 1499 452 1576 lapidea
467 1497 550 1560 facta
572 1503 654 1558 suut.
672 1498 774 1560 Unum
797 1496 829 1556 in
852 1497 962 1576 graccis
985 1497 1126 1559 ecclesiis

196 1598 262 1652 erat
289 1593 396 1670 altare,
427 1593 472 1655 uti
499 1609 583 1654 nuuc
611 1594 669 1653 ost.
702 1591 781 1652 Huic
807 1591 869 1652 alia
892 1592 986 1654 ctiam
1012 1592 1125 1654 altaria

194 1694 392 1748 accesserunt
416 1688 507 1766 juxta
533 1688 627 1750 ritum
655 1689 833 1750 Grmoorum
862 1688 893 1747 in
926 1689 1125 1767 percoelesiis

196 1781 440 1863 (par-ccclesias)
464 1799 521 1844 sou
535 1783 566 1842 in
591 1782 712 1844 sacellis
728 1784 776 1843 vix
799 1801 888 1844 muro
909 1784 1057 1862 sejunctis
1084 1784 1125 1845 ab

195 1876 332 1939 Ecclesia
352 1877 524 1960 principali,
549 1880 599 1940 vol
625 1879 714 1956 juxta
737 1879 830 1940 ritum
857 1879 1038 1942 Latinorum
1061 1880 1123 1942 alia

194 1990 251 2050 par
264 1972 414 2035 ambitum
437 1973 533 2051 ipsius
548 1972 699 2046 ecclesia,
722 1973 790 2054 jam
804 1978 871 2033 tum
885 1973 926 2035 ab
945 1977 1036 2034 aetate
1050 1972 1124 2035 Gro-

193 2067 272 2147 gorii
290 2069 408 2148 magni.
425 2069 530 2131 Altera
554 2073 620 2130 erat
635 2068 729 2130 linteo
754 2067 923 2145 obtectum,
940 2068 1058 2130 ciborio
1082 2069 1122 2130 ad

194 2164 379 2226 servandam
393 2166 613 2227 cucharistiam
628 2171 783 2238 ornatum,
800 2172 831 2227 ot
843 2183 937 2244 super
946 2163 1023 2226 illud
1033 2183 1120 2242 crux,

193 2267 224 2324 at
238 2261 355 2323 circum
369 2268 501 2342 utraque
516 2263 664 2323 exlatere
680 2261 882 2323 caudelabra.
957 2338 962 2345 Ι

232 2357 281 2419 lV.
298 2357 472 2419 Ectertorcc
485 2357 609 2420 ccclesioe
623 2363 727 2436 partes
742 2365 831 2420 erant
845 2357 976 2420 aedilicia
989 2377 1060 2438 quac
1080 2359 1121 2420 ad

192 2471 262 2514 cam
276 2453 482 2532 pertinebant,
511 2455 566 2514 sad
587 2453 844 2516 iutra'ambitum
866 2455 1047 2517 interiorem
1071 2473 1120 2517 cc·

192 2549 294 2609 olcsioc
308 2568 371 2610 non
387 2550 637 2615 continebantur,
655 2551 745 2612 Tales
760 2558 849 2613 eraut
872 2571 878 2611 :
1029 2621 1032 2626 ,

232 2643 262 2700 l⁰
277 2641 416 2704 Norttec
429 2645 558 2705 celerior
572 2649 639 2706 orat
661 2645 860 2722 vestibulum,
878 2645 963 2724 quod
985 2650 1122 2727 quatuor

191 2733 316 2812 porticis
326 2735 489 2798 constabat
503 2743 534 2797 et
543 2737 688 2816 cingebat
696 2739 820 2816 atrium,
833 2757 938 2800 aream
950 2757 1006 2800 seu
1016 2741 1121 2802 locum

192 2829 315 2890 subdio
338 2830 427 2907 cujus
442 2830 474 2891 in
497 2831 602 2894 medio
627 2839 715 2894 erant
738 2833 866 2896 concha
889 2852 1044 2913 aquarum
1068 2834 1121 2896 ubi

191 2924 349 2987 christiani
364 2925 527 2988 ecclesiam
541 2927 711 3007 ingressuri
726 2947 838 2990 manus
858 2935 889 2992 ct
903 2948 938 2991 os
960 2928 1118 3004 lavabant,

192 3023 277 3083 unde
290 3022 461 3102 repetimus
475 3042 566 3084 usum
582 3041 671 3102 aquae
686 3024 872 3088 benedicta.

230 3123 262 3180 2⁰
276 3119 393 3181 Calore
410 3119 539 3182 aedilicia
553 3137 622 3199 quae
641 3120 779 3200 generali
794 3121 970 3184 caedrorum
992 3121 1118 3184 nomine

191 3213 382 3276 uocabantur
395 3219 428 3277 et
442 3221 540 3277 erant.

230 3309 456 3389 Baptistcrium,
484 3312 570 3374 locus
603 3312 781 3392 baptismati
808 3313 998 3378 conferendo
1025 3314 1116 3378 desti·

191 3410 292 3464 natus.

230 3497 427 3560 Secretom'um
451 3502 516 3562 siva
530 3504 707 3566 diaconium
731 3505 784 3566 ubi
803 3524 894 3570 sacra
917 3508 1112 3580 indumenta,
