2530 4016
181 341 241 400 340
388 347 617 396 msrrnurtonns
638 345 719 390 runis
742 343 908 412 curamur.

219 496 404 559 Locationes
427 491 595 574 aliquando
620 489 805 551 scinduntur
827 490 928 550 morta
951 485 1033 548 illius
1057 487 1113 566 qui

179 593 304 670 locavit,
330 591 498 672 aliquando
523 608 596 666 non,
619 588 709 669 juxta
732 585 816 666 quod
839 584 1049 664 pertinuerint
1069 583 1124 654 ad,

179 705 321 752 mensam
335 689 516 750 Beneficiati
526 687 575 748 vel
590 686 630 748 ed
643 684 826 748 Ecclesiam.

220 787 399 848 Notandum
419 789 466 847 est
485 786 639 865 praeterea
657 800 720 844 non
738 798 829 860 posse
849 778 1018 856 anticipata
1036 795 1111 856 pen-

179 881 282 941 siones
299 879 417 958 percipi
432 897 451 939 a
464 878 649 940 beneficiato
668 879 838 955 antequam
856 873 962 936 veniat
981 872 1049 932 dies
1063 889 1110 933 so-

178 977 315 1052 lutionis,
333 992 390 1034 nac
403 975 501 1036 locari
515 975 555 1034 ad
570 974 668 1036 vitam
681 991 739 1052 pro
753 973 840 1033 certa
853 968 999 1030 mercede
1014 986 1110 1048 quam

180 1086 243 1130 nna
265 1068 333 1128 vice
356 1066 522 1144 accipiant,
539 1066 613 1145 quia
635 1066 709 1128 licet
723 1063 946 1125 detrimentum
960 1062 1108 1123 Ecclesiae

179 1165 228 1224 vel
248 1163 436 1224 successoris
457 1168 653 1238 amoveatur,
678 1161 815 1241 dignitas
834 1163 941 1222 tamen
955 1156 1108 1218 clericalis

178 1258 296 1319 ordinis
310 1257 343 1318 in
358 1257 527 1318 discrimen
541 1256 719 1318 adducitur.

218 1355 269 1416 Vl.
288 1353 354 1416 Sub
376 1352 543 1414 interdicto
567 1351 605 1412 de
628 1369 690 1412 non
709 1347 885 1411 alienandis
904 1346 995 1408 bonis
1010 1344 1108 1406 ecole-

178 1450 311 1513 siasticis
326 1449 444 1512 cadunt
457 1448 551 1524 etiam
564 1445 758 1528 emphyteusis
769 1449 800 1508 et
808 1442 978 1524 infeudatio,
991 1443 1108 1522 qnippe

178 1548 211 1608 hi
234 1549 412 1608 contractus
437 1564 475 1606 ex
497 1545 603 1626 aliqua
625 1546 714 1622 perte
738 1543 928 1620 emptionem
950 1541 980 1600 et
1000 1537 1108 1600 vendi·

177 1642 305 1717 donem,
337 1661 376 1703 ex
403 1641 464 1703 alia
492 1659 567 1703 varo
589 1639 778 1702 locationem
805 1643 837 1699 et
865 1635 1108 1698 conductionem

176 1738 292 1799 imitari
307 1737 463 1798 videntur.

215 1828 437 1907 Emphytensis
451 1829 745 1908 estabemphyteuo
755 1845 812 1890 seu
822 1829 862 1890 ab
872 1849 1011 1899 εμφυτευειν
1022 1827 1107 1906 quod

177 1931 224 1988 est
246 1926 443 2006 implantare,
472 1926 640 1988 inserere:
672 1927 715 1988 sio
737 1926 891 2007 principio
920 1925 1108 1987 dicebantur

176 2022 243 2103 agri
258 2022 379 2085 steriles
394 2026 424 2086 et
438 2019 548 2085 inculti
562 2024 593 2084 et
606 2023 752 2085 colonum
765 2041 829 2085 non
844 2021 1037 2102 reperientes
1052 2018 1104 2100 qui

176 2115 458 2178 concedebantura
472 2116 606 2177 dominis
621 2115 792 2178 cultoribus
807 2116 865 2178 sub
881 2115 1013 2189 modicae
1028 2130 1106 2193 pen-

176 2214 271 2274 sionis
285 2212 366 2291 lege,
383 2217 417 2272 ut
435 2210 627 2290 plantatione
642 2212 782 2274 utiliores
802 2210 1021 2272 redderentur.
1039 2207 1105 2269 Mos

175 2309 288 2372 deinde
311 2307 443 2390 invaluit
463 2308 601 2372 foecundi
625 2310 720 2369 etiam
741 2309 810 2387 agri
833 2297 909 2388 quin
928 2310 960 2369 et
983 2305 1105 2366 urbana

174 2405 293 2485 pradia
315 2405 365 2466 vel
389 2409 423 2468 ut
442 2406 547 2468 diruta
564 2404 842 2481 reaedificarentur,
859 2403 909 2465 vel
930 2405 1017 2466 utin
1038 2420 1105 2463 me·

173 2502 283 2563 liorem
304 2503 421 2563 statum
442 2501 669 2581 redigerentur,
692 2503 725 2562 in
741 2499 974 2579 emphyteusim
993 2518 1103 2562 conce-

174 2597 333 2658 darentur.

213 2695 269 2754 llio
293 2698 472 2757 contractus
492 2714 530 2756 ex
553 2713 616 2757 uno
637 2696 746 2773 latere,
764 2700 799 2757 nt
811 2694 1004 2774 inquiebam,
1021 2681 1103 2772 sapit

171 2787 360 2850 locationem
394 2792 425 2851 et
453 2791 708 2869 conductionem,
738 2793 813 2871 quia
839 2809 902 2852 non
931 2791 1103 2852 commutat

172 2903 240 2947 rem
253 2885 365 2966 pretio,
383 2886 438 2948 sed
453 2904 544 2946 usum
564 2887 611 2948 rai
633 2887 777 2950 concedit
799 2891 916 2950 statuta
937 2885 1098 2966 pensione.

172 2985 217 3044 lix
238 2982 299 3044 alia
316 2989 406 3061 parte
425 3001 499 3045 vero
515 2982 736 3044 alienationem
750 3001 806 3045 seu
821 2983 1013 3062 emptionem
1026 2999 1102 3043 ven-

171 3078 322 3140 ditionem
335 3078 485 3156 imitetur,
503 3079 577 3160 quia
591 3079 699 3158 pensio
710 3078 843 3160 illaquae
859 3096 960 3140 canon
975 3076 1100 3151 dicitur,

171 3192 233 3234 non
248 3174 341 3236 datur
354 3193 411 3253 pro
427 3177 530 3237 tractu
544 3179 575 3238 et
590 3195 648 3238 usu
662 3185 813 3256 tanquam
823 3192 955 3251 meroes,
968 3173 1024 3234 sed
1034 3175 1101 3234 tan-

170 3288 266 3348 quam
280 3271 466 3351 obsequium
481 3272 512 3332 in
528 3273 720 3352 agnitionem
735 3271 854 3334 domini
868 3270 1097 3350 praestandum

169 3382 228 3426 nec
247 3367 348 3428 solum
371 3368 415 3429 rei
436 3386 510 3430 usus
530 3371 724 3446 conceditur,
747 3370 803 3432 sed
825 3371 856 3430 et
876 3367 1008 3430 facultas
1031 3383 1099 3425 rem

169 3465 319 3538 tanquam
340 3482 430 3525 suam
454 3466 602 3542 habendi,
626 3467 824 3544 immutandi,
839 3452 1099 3527 'alienandicon-

169 3555 299 3629 ceditur,
325 3556 369 3617 ita
397 3564 431 3620 ut
455 3561 545 3621 unius
569 3561 774 3641 ejusdemque
797 3562 842 3622 rei
872 3559 1045 3623 dominium
1066 3558 1098 3618 in
