2548 4020
207 255 266 315 206
415 265 644 314 msmrurronns
665 266 748 311 runis
770 263 924 311 seronior.

205 415 357 493 perpetua
378 411 545 473 dilectione
569 413 600 472 et
622 411 771 472 societate
800 409 968 490 conjugali.
998 411 1138 491 Uterque

205 528 276 571 oum
292 507 406 589 conjux
420 508 543 569 videret
555 506 588 566 in
602 525 657 566 suo
673 505 741 586 conj
747 525 806 586 nge
821 506 1015 584 proditorem
1028 508 1141 568 matri-

205 605 313 681 monii,
338 607 370 666 et
389 605 559 682 perpetuus
579 601 716 662 criminis
737 619 912 680 remorsuS,
935 607 967 664 et
986 606 1141 682 perpetua

206 700 380 764 diffidentia
394 701 434 762 ab
448 717 555 760 amore
570 704 602 759 et
616 699 767 760 charitate
783 698 945 782 alienaret.

246 802 320 861 Hac
348 798 427 858 ratio
457 796 636 857 verificatur
661 795 810 856 amussim
837 797 869 856 in
890 797 1045 858 adulterio
1068 816 1140 859 cum

207 895 270 956 tide
290 895 340 955 vel
361 895 515 954 attentatu
536 891 747 970 matrimonii,
771 893 804 952 in
830 891 1007 978 conjncidio
1029 897 1141 954 mutua

208 989 437 1068 conspiratione
461 991 690 1073 consummato·
703 1005 774 1049 oum
800 989 904 1049 animo
932 989 1141 1051 contrahendi

207 1078 441 1146 matrimonium
455 1083 538 1145 inter
552 1101 596 1160 se,
609 1083 641 1143 in
655 1082 810 1146 adulterio
825 1101 897 1144 cum
906 1084 1141 1146 machinatione

210 1183 300 1243 unius
314 1182 346 1242 in
360 1184 494 1244 mortem
509 1181 637 1243 alterius
652 1181 805 1261 conjugis,
826 1180 881 1242 ubi
900 1182 968 1242 haec
988 1182 1058 1260 ipsa
1076 1199 1142 1240 ma-

211 1279 359 1356 chinatio,
388 1278 462 1340 licet
488 1297 527 1339 ex
547 1281 636 1357 parte
649 1277 761 1358 nnius,
786 1276 841 1338 dat
862 1277 1141 1357 praeumptionem

210 1373 305 1435 animi
329 1372 458 1435 alterius
481 1371 521 1434 ad
545 1371 796 1434 contrahendum
815 1371 1052 1433 matrimonium
1070 1388 1143 1431 oum

211 1472 365 1532 adultera.

250 1565 285 1624 ln
303 1563 371 1623 aliis
396 1563 520 1624 casibus
544 1565 611 1626 haec
633 1563 765 1626 societas
788 1563 821 1623 in
843 1563 998 1625 violandis
1016 1561 1144 1642 juribus

211 1657 334 1718 honesti
349 1657 487 1738 conjugii
501 1677 573 1719 cum
587 1659 692 1720 animo
707 1663 739 1721 et
758 1659 820 1719 fine
842 1658 1048 1719 contrahendi
1069 1675 1145 1718 con-

208 1753 331 1834 jugium
347 1753 553 1815 desideratur.
572 1756 632 1816 Sed
647 1748 774 1834 semper
792 1754 1018 1815 recurrendum
1037 1759 1085 1813 est
1106 1753 1148 1813 od

209 1847 306 1908 odiam
320 1848 404 1927 quod
419 1849 558 1911 continet
570 1850 639 1912 haec
652 1851 703 1910 lex
717 1853 752 1910 ut
765 1848 938 1927 explicetur
947 1863 1044 1928 quare
1055 1845 1146 1907 adnl-

211 1947 327 2008 terium
341 1947 455 2008 debeat
470 1964 537 2006 esse
551 1955 791 2020 consummatum,
815 1947 861 2008 uti
881 1945 1022 2019 ridetur;
1044 1963 1145 2024 qnare

212 2042 425 2123 conjuoidium
446 2043 561 2104 debeat
584 2061 653 2104 esse
675 2062 741 2104 ocra
764 2043 866 2122 effectu
889 2051 998 2118 secuto,
1027 2046 1059 2104 et
1080 2059 1146 2102 non

211 2139 345 2201 sufficiat
359 2143 468 2201 mutua
481 2140 670 2202 machinatio
685 2139 717 2200 in
732 2140 816 2202 hunc
831 2146 965 2216 reatum,
976 2139 1050 2200 licet
1060 2139 1146 2200 occi-

212 2237 344 2317 sionon
374 2237 469 2298 luerit
494 2241 611 2298 secuta.
644 2240 724 2298 Nam
753 2236 785 2298 in
818 2237 867 2298 his
895 2238 989 2298 etiam
1017 2237 1146 2297 casibus

213 2334 403 2412 reperiretur
421 2332 547 2394 violatio
566 2332 685 2412 jurium
705 2333 918 2415 conjugalium
942 2337 1051 2396 mutuo
1073 2350 1150 2392 con-

213 2431 308 2490 sensu
321 2429 403 2489 facta
416 2427 530 2490 intuitu
543 2429 743 2490 matrimonii.

254 2521 367 2580 Audivi
381 2521 550 2599 quemdam
563 2524 755 2582 asserentem
769 2522 923 2584 rationem
937 2521 1030 2604 hujus
1045 2521 1150 2598 impe-

215 2615 344 2676 dimenti
369 2633 435 2677 esse
460 2619 544 2696 quod
576 2619 746 2697 opponitur
771 2619 928 2680 sanctitati
958 2617 1148 2679 sacramenti

215 2711 415 2788 matrimonii,
432 2713 516 2792 quod
530 2715 731 2775 matrimonia
745 2715 933 2778 inchoentur
946 2717 1018 2776 actu
1032 2731 1150 2794 pecca-

215 2807 346 2869 minoso.
373 2809 436 2870 Sed
453 2811 521 2871 haec
544 2812 623 2873 ratio
646 2813 738 2873 nimis
761 2830 844 2892 vaga
867 2816 933 2887 est;
957 2815 1032 2874 tnnc
1062 2811 1149 2872 enim

216 2905 303 2966 irrita
324 2906 472 2968 cederent
492 2907 692 2969 matrimonia
714 2909 819 2970 omnia
840 2927 909 2988 quae
931 2907 1053 2970 initiata
1073 2913 1150 2968 sunt

216 2997 338 3058 actibus
351 2997 477 3078 illicitis,
495 3019 532 3061 ex
546 3020 608 3081 gn,
624 3002 738 3082 oopnla
751 3003 869 3063 carnali
882 3003 941 3064 sub
954 3001 1017 3062 fide
1038 3001 1152 3063 matri·

217 3113 325 3156 monn.
534 3116 537 3121 ’

257 3185 290 3246 si
316 3187 458 3249 infideles
483 3207 545 3251 non
573 3193 720 3253 tenentur
746 3193 807 3254 hoo
838 3193 1084 3272 impedimento,
1115 3195 1150 3254 id

217 3284 361 3356 provonit
375 3303 412 3344 ex
427 3303 464 3346 eo
479 3287 563 3368 quod
586 3307 647 3350 non
668 3293 741 3352 sunt
760 3289 928 3370 participes
945 3290 1026 3371 juris
1047 3291 1154 3352 eccle-

218 3377 344 3439 siastici.
816 3391 819 3395 ’
