2548 4020
393 321 432 366 on
453 321 580 376 cessero
600 321 682 368 eunus
704 321 859 368 cenorum.
1032 311 1087 371 teo

195 471 227 530 l⁰
241 469 328 530 lnter
341 466 563 547 suscipientem
578 469 609 529 et
626 467 830 545 baptizatum,
848 484 904 529 seu
921 470 1089 532 conflrma-

152 567 233 641 tum,
250 564 382 644 ejusque
397 566 520 643 patrem
530 568 562 624 et
575 566 720 624 matrem.

194 664 227 721 2⁰
240 662 326 722 Inter
340 659 517 722 ministrum
530 660 743 738 baptizantem
762 666 818 721 aut
835 661 1086 744 confirmantem,

152 758 187 817 et
210 756 405 834 baptizatum
427 756 478 817 vel
502 757 732 832 confirmatum,
759 755 890 837 ejusque
913 761 1035 837 patrem
1058 765 1089 822 et

152 853 302 912 matrem.
788 862 790 866 ’

197 944 348 1025 Cognatio
368 945 519 1024 baptizati
540 964 613 1006 enm
632 945 831 1024 baptizante,
857 945 997 1024 patrino,
1022 965 1090 1009 ma·

152 1041 249 1118 trina,
266 1041 381 1103 dicitur
394 1042 579 1120 paternitas,
595 1041 703 1103 filiatio
720 1041 901 1122 spirituelis

196 1139 348 1218 Cognatic
367 1138 567 1219 baptizantis,
592 1139 719 1219 patrini,
740 1139 894 1216 matrinae,
916 1144 1090 1220 compater-

151 1235 237 1298 nitas
251 1235 302 1297 vel
321 1235 587 1298 commaternitas.
604 1237 650 1296 Ex
671 1236 803 1297 concilio
822 1237 1006 1299 Tridentino
1024 1236 1090 1300 sut-

151 1331 221 1392 ficit
235 1348 317 1392 unus
331 1330 381 1392 vel
396 1349 469 1407 una,
484 1331 524 1392 ad
538 1347 697 1391 summum
712 1348 792 1391 unus
807 1348 879 1391 oum
893 1347 966 1392 une.

196 1428 348 1507 cognatio
370 1425 469 1508 tepolis
490 1431 538 1490 est
559 1447 565 1488 :
589 1445 797 1507 personarum
816 1427 1033 1508 propinquitas
1051 1446 1090 1490 ex

152 1525 298 1605 legitima
311 1525 490 1605 adoptione.
508 1525 665 1598 Quaeritur
680 1541 720 1584 an
742 1541 780 1584 ex
798 1525 867 1586 sola
880 1523 1021 1603 perfecta
1033 1543 1089 1586 seu

152 1622 356 1702 arrogatione
380 1623 509 1700 oriatur,
535 1639 576 1684 an
604 1621 699 1682 etiam
720 1620 765 1682 'ex
789 1621 975 1702 imperfecta
999 1620 1089 1702 (Vide

152 1716 275 1778 Bened.
293 1717 374 1792 XIV,
390 1716 411 1777 l.
428 1715 494 1796 IX).

197 1815 273 1875 Haec
291 1813 437 1894 cognatio
456 1813 570 1876 dicitur
591 1834 597 1876 :
618 1814 801 1893 paternitas,
818 1814 1007 1891 fraternitas,
1024 1815 1091 1878 atfi-

154 1911 249 1974 nitas.

196 2006 373 2068 Paternitas
387 2009 435 2068 est
448 2005 531 2068 inter
544 2005 748 2085 adpetentem
759 2008 790 2067 et
803 2005 999 2087 adoptatum,
1010 2007 1037 2089 ej
1043 2027 1090 2069 us·
1140 2019 1143 2028 ’

154 2119 219 2184 quo
240 2101 477 2164 descendentes.
497 2102 639 2164 Sanchcz
660 2106 693 2162 et
712 2101 818 2180 plures
840 2103 1018 2166 existimant
1039 2121 1090 2166 co·

153 2197 340 2280 gnaticnem
354 2198 436 2259 hano
451 2202 482 2260 et
495 2197 758 2278 impedimentum
772 2215 810 2257 ax
824 2215 863 2257 ea
875 2200 1036 2276 profluens
1049 2200 1090 2260 ad

154 2296 294 2376 primum
306 2294 442 2375 gradum
456 2294 593 2372 extendi,
610 2298 642 2356 et
662 2294 703 2356 ad
724 2311 777 2356 ecs
796 2311 905 2355 omnes
924 2294 979 2373 qui
992 2294 1092 2374 adop-

153 2393 251 2454 tionis
277 2396 419 2472 tempore
441 2392 501 2453 snb
528 2394 683 2470 potestate
709 2390 850 2472 adoptati
877 2390 1103 2469 reperiuntur·

156 2489 200 2550 Er
224 2506 269 2550 o:

199 2507 313 2643 tg⁰Non
332 2579 455 2642 excedit
472 2577 610 2658 primum
627 2579 773 2658 gradum,
791 2577 846 2640 sed
863 2581 1091 2660 consequenter

158 2675 338 2740 extenditur
351 2676 392 2738 ad
406 2675 495 2737 elios.
512 2673 636 2736 Dirimit

197 2779 231 2836 2⁰
243 2775 329 2837 Inter
342 2773 549 2852 adoptantem
563 2775 594 2834 et
606 2771 704 2834 filiam
717 2773 789 2836 llliae
804 2773 973 2855 adoptivae‚

196 2873 229 2931 3ο
245 2869 456 2949 Adoptantem
477 2871 508 2930 et
528 2868 624 2930 filiam
646 2868 842 2950 illegitimam
865 2871 1005 2951 adoptati
1028 2891 1091 2934 non

157 2962 284 3043 attingit
296 2963 480 3042 paternitas.

198 3058 261 3120 Sed
276 3059 418 3120 nonnulli
431 3058 619 3137 protrahunt
631 3059 673 3119 ad
686 3058 858 3129 inlinitum3
875 3056 927 3117 alii
942 3056 983 3118 ad
999 3075 1091 3137 quar-

156 3159 225 3218 tum
239 3153 374 3235 gradum
388 3153 550 3216 inclusive.
563 3154 755 3216 Fraternitas
766 3155 814 3215 est
823 3151 968 3231 cognatio
981 3150 1091 3230 legalis

157 3248 240 3312 inter
267 3248 491 3322 collaterales3.
512 3248 594 3310 inter
625 3246 737 3308 trames
765 3252 797 3306 et
823 3261 947 3307 sorores
974 3242 1091 3307 dirimit

159 3347 300 3427 quandiu
321 3347 416 3408 durat
435 3345 575 3424 adoptio.
599 3343 731 3405 Nomine
753 3342 889 3404 filiorum
912 3341 1091 3424 adoptantis

160 3445 290 3507 veniunt
309 3442 451 3525 legitimi.
470 3441 538 3504 Filii
560 3439 714 3520 illegitimi
735 3459 798 3504 non
818 3443 891 3504 sunt
911 3441 969 3504 sub
992 3439 1091 3521 patris

160 3543 327 3620 potestate.
