2476 4022
368 264 407 308 nn
429 262 557 310 amnone
577 264 659 312 sams
680 265 834 312 canonici.
1027 253 1064 310 15

164 407 225 470 1v.
246 406 387 468 Alterum
405 425 481 470 vero
501 415 548 470 est
562 407 819 472 considerationis
833 411 939 489 capnt,
954 408 1065 472 relatio

125 519 251 580 nempe
265 520 359 582 quam
373 503 491 566 hahent
504 509 703 568 sacramenta
717 505 756 566 od
767 523 917 586 mannos.

166 600 254 660 Cum
268 599 346 662 ritus
361 602 596 664 sacramentalis
610 605 768 682 supponat
786 601 997 662 accessionem
1011 619 1067 676 sen

123 694 379 774 applicationem
392 697 604 778 quorumdam
615 698 785 760 verborum
799 696 924 758 cuidam
938 697 996 774 rei,
1012 715 1067 758 sen

124 789 243 854 tormae
267 791 309 854 ad
332 793 507 871 materiam,
523 794 603 856 ritus
616 794 714 874 ipsius
729 793 896 856 necessitas
920 793 1069 873 importat

124 905 304 965 personam
328 889 498 968 quamdam
523 909 593 970 quae
622 889 803 970 hujusmodi
826 889 1068 969 applicationem

127 980 239 1060 iaciat,
257 984 278 1044 i.
298 1003 340 1061 e.‚
357 987 545 1047 sacramenti
564 986 739 1048 ministrum.
756 988 894 1063 Excepta
912 984 1068 1045 eucharis-

126 1079 186 1156 tia,
201 1100 274 1161 qnae
285 1082 429 1144 consistit
442 1083 473 1143 in
487 1103 522 1144 rc
532 1083 729 1163 permanenti
740 1103 796 1146 seu
810 1083 900 1164 cujus
915 1081 1068 1146 confectio

129 1177 326 1239 terminatur
345 1178 376 1238 in
396 1179 536 1242 materia
553 1179 832 1254 consecrationem,
848 1182 954 1240 cetera
966 1195 1070 1238 sacra-

129 1276 243 1334 mente
262 1274 439 1336 consistunt
459 1275 491 1334 in
512 1278 586 1336 actu
606 1276 780 1337 transeunti
802 1293 859 1354 per
879 1291 974 1354 quem
991 1272 1070 1333 ritus

130 1370 375 1432 sacramentalis
389 1371 483 1432 alieni
501 1389 643 1450 personae
663 1371 849 1450 applicatur.
868 1372 1071 1432 Sacramenta

90 1475 94 1484 ·
131 1460 243 1541 igitur,
270 1465 447 1544 generatim
471 1466 642 1546 loquendo,
666 1484 730 1528 non
757 1469 880 1528 tantum
907 1462 1072 1544 requirnnt

133 1555 328 1634 ministrnm,
344 1559 401 1619 sed
415 1559 509 1621 etiam
523 1560 556 1621 in
570 1579 603 1620 ae
618 1560 782 1622 includunt
796 1561 982 1636 conceptum
996 1556 1071 1617 alte-

133 1651 202 1712 rins
217 1671 362 1731 personae
378 1673 448 1734 qnae
466 1656 561 1718 ritum
580 1655 711 1735 suscipit
728 1660 759 1717 et
777 1657 911 1736 patitnr3
933 1654 1001 1714 haec
1021 1670 1072 1712 sa-

135 1750 292 1810 cramenti
302 1751 526 1825 estoutjcctcm.
538 1755 635 1813 Porro
644 1752 777 1814 ministri
788 1755 1069 1822 sacramentorum,

134 1843 315 1920 generatim
328 1843 498 1924 loquendo,
515 1846 619 1906 clerici
639 1848 712 1906 sunt
734 1845 765 1906 in
786 1846 938 1924 quantum
956 1842 996 1902 dc
1016 1858 1073 1920 po·

136 1937 251 1998 testate
274 1939 394 2000 ordinis
416 1941 486 2020 plus
507 1941 648 2002 minusve
670 1941 869 2022 participant.
890 1936 1073 2017 subjectum

137 2049 213 2094 vero
236 2039 506 2098 sacramentorum
524 2040 598 2099 eunt
611 2055 719 2099 omnes
734 2035 918 2108 Christiani3
942 2037 1071 2110 excepto

138 2124 340 2206 baptismate,
357 2131 441 2210 qnod
461 2132 646 2195 christianos
660 2133 865 2212 suscipientes
880 2149 942 2192 non
957 2145 1073 2206 suppo-

139 2221 196 2300 nit,
212 2223 270 2284 sed
285 2223 370 2288 iacit.

402 2380 446 2443 De
460 2382 660 2445 sacramentis
674 2384 704 2444 ia
719 2383 821 2464 apea'e.

462 2530 600 2576 carrona.
625 2531 753 2576 aarunu.

514 2661 547 2700 nn
564 2651 702 2702 nurnero.

181 2800 205 2860 1.
222 2800 392 2880 Quousque
407 2799 500 2860 homo
515 2797 548 2859 in
563 2798 706 2878 originali
726 2797 847 2879 justitia
862 2803 895 2860 at
909 2796 1075 2860 sanctitate

142 2896 324 2973 permansit,
341 2913 379 2956 eo
396 2914 495 2976 usqne
509 2895 574 2956 vita
585 2895 1072 2974 spiritualisilliconsarvataest.

143 2993 261 3052 Verum
275 2992 381 3052 statim
395 3010 432 3052 ac
446 2991 632 3053 mandatum
652 2990 708 3052 Dei
729 2995 944 3070 transgressus
962 2993 1020 3065 est,
1038 3006 1075 3049 eo

144 3083 210 3161 ipso
225 3087 258 3147 in
277 3089 412 3146 mortem
426 3086 621 3164 spiritualem
635 3085 775 3166 impegit,
793 3103 862 3165 quae
873 3100 988 3144 arcano
1000 3101 1075 3162 quo-

65 3219 68 3228 =
144 3179 215 3240 dam
230 3180 304 3242 fidei
319 3184 433 3244 nostrae
444 3181 593 3260 mysterio
605 3182 636 3242 in
648 3198 757 3243 omnes
768 3181 911 3256 homines
923 3183 1076 3260 quotquot

143 3278 264 3360 abipso
280 3280 399 3342 carnali
413 3281 617 3360 generatione
632 3280 798 3360 propagati
813 3296 921 3340 snmus
932 3279 1075 3358 (excepto

144 3376 444 3456 singularissimoss.
460 3379 501 3440 M.
518 3381 556 3441 V.
573 3376 750 3457 privilegio)
764 3383 961 3457 transgressa
976 3383 1049 3438 est·

177 3472 335 3546 Quoniam
349 3472 444 3552 igitur
457 3494 514 3554 per
527 3479 693 3556 peccatum
706 3472 877 3552 spiritualis
897 3473 967 3536 haec
989 3487 1074 3534 mors
