2476 4022
355 295 394 340 nn
415 294 543 342 omncro
563 295 645 344 rosis
667 297 821 346 canomcr.
1014 291 1052 350 '19

157 437 372 501 Consistentes
380 436 473 498 nullis
483 436 782 516 ampliuslabon'bns
791 441 1050 522 subjiciebantur,

117 551 192 595 cum
206 532 353 595 fidelibus
367 531 471 594 missae
488 533 640 595 sacrificio
659 535 844 612 intererant,
860 539 944 617 qnod
958 545 1052 604 amte-

117 630 160 690 ris
175 629 322 691 fidelibus
337 632 368 690 et
383 625 616 691 catechumenis
631 629 822 710 denegatum
837 636 914 710 erat,
932 639 963 697 et
979 653 1051 698 oum

118 727 242 788 raeteris
265 723 412 787 fidelibus
433 743 542 803 preces
566 725 750 788 fundebant.
776 730 933 806 Attamen,
959 739 1052 808 prout

117 822 284 885 delinitum
301 821 435 902 legimus
454 837 524 900 cup.
545 837 579 882 xr
601 823 696 884 Gonu.
719 823 847 902 Nicaeni,
874 845 889 882 u
906 827 1018 888 offerre
1033 849 1047 886 n

118 937 182 981 nun
197 922 355 1000 poterant,
371 917 504 996 proinde
514 935 572 978 nec
587 917 627 980 de
641 919 837 982 Eucharistia
850 921 1049 1001 participare.

119 1017 240 1075 Horum
261 1013 349 1074 locus
369 1013 402 1073 in
421 1013 554 1074 ecclesia
572 1013 612 1074 ab
631 1015 765 1076 ambone
783 1034 884 1097 nsque
899 1017 940 1080 ad
954 1019 1052 1082 altere

119 1110 201 1173 inter
222 1125 333 1170 omnes
354 1112 487 1185 constat,
511 1108 566 1170 sed
587 1125 649 1170 non
670 1111 716 1171 ita
733 1111 928 1190 exploratum
946 1118 993 1176 est
1011 1133 1051 1176 an

119 1205 265 1283 permixti
280 1207 386 1266 essent
395 1221 466 1264 cum
476 1204 597 1266 caeteris
607 1204 752 1266 fidelibus
763 1205 848 1268 nullo
858 1207 1049 1286 discrimine,

118 1319 157 1360 an
171 1301 277 1379 potius
291 1299 332 1360 ab
353 1299 412 1360 illis
427 1298 570 1378 sejuncti.
586 1299 803 1363 verosimilius
817 1306 865 1365 est
883 1319 937 1364 eos
953 1304 1050 1366 luisse
1067 1350 1070 1356 -

120 1394 289 1475 sejunctos,
314 1411 388 1454 nam
408 1411 511 1471 secus,
534 1394 575 1455 ad
597 1395 752 1456 cancellos
773 1396 942 1458 sanctuarii
963 1415 1053 1460 acca·

120 1495 193 1555 dere
208 1492 394 1573 potuissent,
410 1511 430 1553 a
444 1493 558 1572 quibus
572 1510 635 1555 non
651 1494 817 1556 offerentes
832 1498 864 1557 et
884 1512 948 1558 non
967 1513 1052 1558 oom-

117 1588 317 1650 municantes
330 1588 531 1650 arcebantur.

158 1684 206 1746 Ab
221 1683 283 1745 bac
298 1682 470 1763 disciplina
484 1681 612 1745 deflexit
625 1683 790 1746 severitate
801 1685 940 1748 Ecclesia
950 1686 1051 1748 orien-

119 1778 189 1839 talis
207 1781 292 1858 post.
309 1795 381 1840 saeo.
399 1795 443 1855 1v,
460 1784 492 1839 et
510 1779 627 1858 passim
646 1778 806 1859 abrogatas
825 1785 898 1843 sunt
916 1781 1050 1861 publica

120 1873 312 1952 poenitentiae
340 1874 501 1935 stationes.
530 1873 671 1937 Ecclesia
702 1875 800 1936 latina
826 1876 967 1938 tenacior
993 1876 1051 1939 fuit

120 1967 234 2032 veteris
255 1967 439 2048 disciplinae.
461 1971 609 2032 Attamen
628 1973 699 2049 post
716 1987 789 2033 saec.
812 1987 858 2034 vn
877 1971 964 2033 nulla
983 1989 1051 2032 em·

119 2065 198 2146 plius
213 2064 401 2127 solemnium
415 2063 608 2144 paenitentia
623 2064 794 2127 stationum
807 2065 925 2130 mentio
941 2083 1051 2128 occur-

119 2161 173 2236 rit3
190 2163 223 2223 et
237 2165 309 2240 post
323 2177 394 2222 saec.
406 2175 439 2221 xr
453 2159 546 2239 plane
562 2161 714 2241 abrogata
727 2160 853 2222 videtur
866 2161 1050 2240 poenitentia

118 2256 255 2334 publica,
273 2272 370 2336 quum
385 2273 459 2316 usus
473 2255 605 2317 invaluit
614 2273 726 2335 poenas
736 2255 904 2316 canonicas
915 2257 1048 2318 eleemo-

118 2354 214 2432 synis,
232 2352 429 2432 expeditione
443 2357 536 2413 terrae
551 2356 667 2414 sancta
683 2350 869 2412 redimendi.

155 2451 194 2512 V.
212 2447 277 2510 Sed
291 2449 385 2509 etiam
400 2465 463 2510 non
477 2465 558 2509 nnus
572 2447 630 2509 fnit
651 2447 763 2509 modus
781 2445 943 2527 infligendi
957 2445 1050 2508 susti-

118 2543 276 2622 nendique
288 2544 427 2621 privates
440 2542 652 2622 poenitentias.
665 2544 746 2604 Nam
754 2542 849 2605 etiam
860 2533 966 2623 quoad
980 2543 1049 2604 baec

118 2637 242 2700 videtur
255 2637 387 2718 rigidior
401 2639 541 2718 antiqua,
557 2638 724 2719 benignior
741 2657 851 2700 recens
871 2637 1046 2718 disciplina.

118 2737 195 2796 Nam
217 2751 382 2815 quousque
402 2733 513 2815 viguit,
534 2735 584 2796 vel
604 2735 699 2797 etiam
719 2735 866 2812 habente,
883 2736 933 2796 vel
955 2733 1050 2798 etiam

117 2831 223 2894 statim
243 2846 282 2890 ac
303 2829 437 2892 cessavit
459 2833 580 2892 vetusta
597 2830 790 2907 poenitentiae
808 2829 942 2910 publlcae
958 2830 1049 2892 disci·

116 2926 213 3005 plina,
230 2942 270 2984 ea
282 2923 407 2986 videtur
420 2922 515 2992 fuisse
530 2923 616 2984 velut
633 2926 821 3003 prototypus
837 2939 1004 3001 poenamm
1018 2926 1049 2984 et
1089 2923 1094 2934 '

116 3022 146 3082 in
159 3019 349 3102 poenitentia
362 3018 486 3098 privata
505 3018 758 3098 infligendarnm.
775 3019 859 3080 Libri
879 3017 962 3078 enim
979 3033 1049 3096 poe-

117 3114 293 3177 nitentiales
307 3129 363 3173 seu
378 3111 502 3172 codices
517 3128 683 3190 poenarum
702 3127 759 3191 pro
779 3108 928 3190 qualitate
943 3106 1050 3168 crimi-

118 3229 192 3272 num
219 3228 240 3271 a
267 3208 491 3287 poenitentibus
515 3206 780 3284 sustinendarum,
811 3203 864 3284 qui
892 3220 931 3263 ex
953 3201 1048 3264 variis

118 3305 321 3368 ecclesiarum
349 3303 521 3366 canonibus
549 3301 701 3364 elaborati
728 3305 760 3360 et
787 3297 911 3362 collecti
939 3303 1045 3376 erant,

117 3402 353 3484 praestituerunt
379 3399 508 3462 modum
536 3395 751 3462 sacerdotibus
775 3395 866 3476 juxta
894 3413 988 3477 quem
1015 3397 1047 3457 in

13 3504 14 3534 ¹
118 3498 240 3578 privata
254 3497 349 3562 etiam
364 3495 548 3575 poenitentia
560 3491 871 3573 poenasinfligerent.
