2530 4016
405 283 444 326 os
465 280 594 326 onraero
614 281 697 326 sums
720 281 874 328 cinonrcr.
1049 271 1107 332 283

175 431 241 511 (qui
255 443 449 508 prosequens
463 426 585 488 tabulas
600 426 765 504 paschales
775 426 883 504 Gyrilli
893 428 1106 504 Alexandrini,

77 528 80 534 ’
175 532 357 605 computum
378 523 519 584 illumin
542 522 682 584 iloolesia
702 525 844 584 Romana
862 522 911 585 vel
934 543 1108 604 numquam

174 628 336 701 receptum
363 619 570 696 instauravit,
599 618 649 680 vel
678 620 856 681 obsoletum
883 621 1104 700 restauravit),
1147 696 1149 698 ¹

173 718 395 792 Alexandrina,
411 717 553 794 inquam,
576 715 779 794 computatio,
797 715 870 778 licet
890 716 1013 778 caeteris
1035 735 1108 794 per-

173 815 294 890 fectior,
311 831 374 875 non
395 816 501 874 tamen
517 814 584 876 erat
598 811 835 890 perfectissima,
858 828 916 871 nec
937 813 1108 890 responde-

172 913 228 972 bat
241 909 392 972 amussim
405 907 529 970 veritati
546 927 552 968 :
570 907 653 968 unda
678 908 768 986 praxi
790 907 858 986 ipso
880 911 1024 988 sagenis,
1048 907 1107 970 fuit

172 1007 300 1067 candem
314 1005 462 1065 unanimo
477 1002 759 1067 ecclesiasticorum
777 1003 917 1065 virorum
940 1009 1051 1065 votum
1072 1007 1108 1067 ut

172 1103 390 1166 kalendarium
413 1101 644 1164 reformaretur.
672 1103 782 1174 Quoad
806 1103 946 1167 defectus
969 1105 1104 1185 hujusce

172 1200 346 1263 kalendarii
369 1200 534 1278 variasque
557 1197 624 1276 ejus
643 1197 881 1259 reformationes
905 1216 964 1260 neo
985 1217 1047 1260 non
1074 1203 1106 1260 et

171 1297 365 1358 lunationem
379 1295 570 1375 paschalem,
588 1294 660 1354 vide
674 1295 878 1356 tractationes
897 1294 1051 1372 speciales
1065 1294 1105 1355 de

173 1395 319 1472 computo
334 1391 557 1454 eeclesiastico.

522 1580 688 1628 sublectus
710 1581 754 1627 VI.

373 1715 416 1777 De
430 1715 598 1778 ministeriis
611 1733 664 1777 seo
673 1713 780 1796 officiii
794 1715 895 1779 sacris.

211 1881 348 1944 XXVIII.
365 1881 452 1942 Unus
467 1879 610 1956 superest
623 1878 841 1957 paragraphus
858 1878 899 1939 ad
909 1867 1105 1957 ¹enplendam

170 1975 390 2038 tractationem
414 1973 453 2035 de
479 1974 573 2035 rebus
592 1973 700 2050 sacris,
722 1973 870 2035 videlieet
891 1974 1044 2035 derebus
1064 1975 1104 2036 ad

171 2072 377 2134 christianum
391 2071 511 2134 cultum
529 2068 709 2131 immediate
733 2075 765 2130 et
786 2069 904 2131 directo
928 2069 1102 2132 destinatis.

172 2165 226 2225 Est
240 2166 346 2225 autem
359 2163 579 2244 paragraphus
594 2179 689 2242 quem
703 2161 847 2240 inscripsi
863 2163 902 2224 de
923 2163 1103 2227 ministeriis

171 2274 226 2317 seu
236 2255 347 2317 officiis
361 2255 471 2333 sacris,
487 2273 543 2317 seu
558 2255 598 2316 de
612 2254 734 2333 officiis,
758 2255 952 2334 muneribus,
974 2257 1025 2318 vel
1045 2259 1104 2318 mi-

171 2351 306 2414 nisteriis
332 2351 490 2433 inscriptis
524 2353 566 2414 ad
599 2352 762 2414 obeundas
791 2351 966 2414 functiones
997 2371 1103 2415 sacras

170 2449 272 2511 cultus
295 2449 468 2512 christiani.
494 2449 607 2510 Paucis
629 2449 722 2510 modo
738 2449 776 2510 de
792 2449 906 2511 horum
927 2449 1103 2511 officiorum

169 2546 297 2609 notione
311 2549 345 2608 et
355 2545 532 2624 speciebus,
548 2545 755 2624 relinquendo
774 2546 901 2624 speciali
914 2545 1101 2609 tractationi

170 2660 207 2702 ea
234 2659 305 2722 quae
333 2647 477 2721 spectant
503 2641 544 2702 ad
566 2641 677 2704 modos
700 2661 738 2704 aa
760 2642 954 2722 instituendi,
980 2643 1101 2707 modifi-

169 2739 272 2816 candi,
289 2737 516 2818 supprimendi,
532 2737 727 2819 acquirendi,
744 2741 919 2804 amittendi.

379 2903 391 2950 c
406 2899 427 2943 Ι.
442 2910 470 2943 on
485 2909 585 2944 norrons
600 2909 721 2945 sscuoaurr
737 2911 887 2945 orrrcrosuu.

197 3009 353 3072 Officium
367 3027 502 3087 sacrum,
518 3010 693 3090 generatim
707 3008 877 3090 loquendo,
890 3013 943 3081 ¹est
960 3009 1102 3071 ministe-

167 3104 250 3166 rium
270 3104 312 3166 ad
334 3105 496 3167 obeundas
509 3105 686 3168 functiones
705 3104 866 3168 christiani
887 3105 988 3168 cultus
1012 3106 1101 3168 insti·

167 3201 280 3260 tutum.
298 3198 361 3260 Sed
371 3199 518 3260 Ecclesiae
528 3197 671 3275 ministri,
685 3217 741 3260 seu
751 3215 913 3260 sacrorum
923 3199 1099 3262 administri

167 3293 198 3354 in
223 3293 365 3363 Ecclesia
393 3312 484 3357 sacra
511 3295 706 3357 ordinatione
738 3296 978 3376 inaugurantur.
1015 3298 1098 3379 Ergo

166 3390 249 3452 notio
266 3390 360 3452 officii
373 3391 453 3453 sacri
469 3394 501 3453 et
518 3390 678 3452 variarum
699 3391 842 3472 ejusdem
861 3393 1038 3473 specierum
1062 3413 1100 3456 ex

166 3505 263 3550 sacrae
275 3487 480 3551 ordinationis
495 3488 621 3551 notione
635 3489 912 3554 fundamentaliter
923 3491 1093 3554 derivatur.
