2548 4020
186 279 245 342 ibl
395 289 728 342 1usr1rurrorvss1uu1s
750 289 904 340 canorum.

187 442 416 502 consueverunt
431 445 462 502 et
475 439 534 500 coli
556 439 596 500 ab
610 439 747 500 Ecclesia
762 439 827 500 sive
842 440 872 498 in
893 439 1042 518 ecclesiis,
1063 459 1115 502 ca-

185 536 314 615 pellis...
331 535 396 596 sive
411 535 538 612 privatis
553 536 584 594 in
599 534 754 596 domibus
772 535 838 596 Non
854 536 939 612 quod
958 536 1112 616 credatur,

186 631 409 694 aitoonoilium
429 631 653 704 Tridentium,
679 631 781 692 inesse
802 631 905 708 aliqua
929 632 1018 692 iniis
1041 633 1114 694 divi-

186 725 278 800 nitas,
294 726 345 787 vel
353 727 456 787 virtus
472 730 706 806 propterquam
723 727 784 788 sint
798 727 948 801 colendae,
965 729 1016 789 vel
1031 728 1115 806 quod

185 823 226 883 ab
241 822 285 882 eis
300 822 339 882 sit
354 821 471 900 aliquid
485 823 666 900 petendum,
686 823 734 884 vel
749 823 832 900 quod
854 822 969 884 fiducia
988 822 1019 882 in
1042 825 1115 883 ima-

185 918 309 995 ginibus
324 917 362 976 sit
375 916 512 997 figenda,
530 919 614 980 velut
628 919 702 978 olim
716 917 844 980 fiebata
861 919 1018 998 gentibus,
1045 937 1113 998 quae

186 1013 215 1072 in
231 1013 321 1073 idolis
336 1030 423 1090 spem
439 1029 528 1072 suam
542 1011 738 1075 collocabant
747 1033 755 1088 ;
772 1016 827 1075 sed
851 1015 999 1092 quoniam
1013 1015 1114 1074 honor

185 1111 237 1188 qui
254 1109 298 1170 eis
313 1109 528 1184 exhibebatur,
551 1109 684 1171 retertur
709 1109 749 1170 ad
771 1116 938 1189 prototypa
962 1129 1032 1189 quae
1052 1110 1124 1186 illae,

183 1211 471 1284 repraesentantur
492 1223 548 1284 per
572 1205 724 1282 imagines
743 1223 822 1284 quas
842 1206 1060 1266 deosculamur
1082 1215 1112 1268 et

184 1319 290 1362 coram
305 1300 418 1381 quibus
433 1306 525 1380 caput
539 1301 696 1382 aperimus
710 1307 741 1362 et
756 1301 999 1379 procumbimus,
1011 1296 1112 1360 Chris·

184 1405 251 1460 tum
267 1396 433 1458 adoremus
455 1402 485 1458 et
506 1400 629 1458 sanctos
649 1415 782 1476 quorum
800 1397 860 1458 illae
881 1383 1113 1457 similitudinem

184 1496 307 1572 gerunt,
325 1492 525 1554 honoremus.

224 1592 301 1650 Sunt
325 1607 400 1667 ergo
428 1589 581 1670 imagines
604 1589 635 1649 in
662 1590 745 1652 cultu
775 1590 943 1651 christiano
968 1589 1113 1666 quaedam

183 1683 272 1762 signa
292 1700 361 1761 quae
385 1701 449 1744 nou
472 1686 561 1746 aliter
582 1705 639 1747 nec
662 1703 777 1766 genere
802 1703 858 1746 suo
887 1683 1041 1758 averhis,
1065 1686 1114 1748 vel

183 1779 303 1859 scriptis
318 1780 444 1854 distant,
474 1798 607 1861 quaeque
631 1783 716 1842 nullo
736 1783 822 1844 cultu
841 1788 914 1843 sunt
936 1781 1031 1859 digna
1054 1780 1113 1841 nisi

183 1895 238 1956 pro
266 1877 416 1939 relatione
445 1878 484 1938 ad
516 1879 675 1957 objectum
709 1878 862 1941 invisibile
896 1877 1007 1939 cultus.
1036 1877 1113 1940 Inde

182 1973 283 2050 major
306 1974 355 2035 vel
379 1974 481 2034 minor
501 1993 558 2052 pro
582 1975 766 2037 excellentia
785 1992 928 2054 personae
953 1973 994 2032 ad
1018 1991 1114 2051 quam

181 2069 363 2132 relationem
377 2070 452 2130 dicit
466 2071 568 2151 imago
586 2091 592 2132 :
610 2073 744 2133 maxima
759 2078 925 2150 praestatur
937 2071 1026 2149 signo
1037 2088 1109 2130 cru-

182 2166 227 2226 cis
238 2167 305 2244 jam
319 2171 385 2227 tum
398 2166 439 2227 ab
453 2168 599 2229 Ecclesia
615 2168 819 2244 institutione,
836 2167 908 2245 quia
924 2173 971 2227 est
987 2167 1114 2247 signum

181 2261 385 2340 reparationis
407 2269 540 2336 nostrae3
567 2282 623 2342 pro
646 2262 818 2340 quantitate
838 2261 994 2323 relationis
1017 2279 1112 2339 quam

182 2359 275 2420 habet
289 2359 330 2419 ad
345 2358 403 2420 hoc
418 2358 588 2438 objectum3
606 2364 689 2420 certe
705 2358 858 2418 minorem
877 2375 941 2436 prae
961 2357 1111 2435 reliquiis,

181 2454 347 2532 aliquando
363 2455 535 2528 minimam,
554 2472 625 2514 oum
649 2454 710 2515 sint
730 2454 833 2532 potius
854 2455 944 2533 signa
965 2453 1113 2531 quaedam

180 2549 426 2610 conventionalia
441 2570 498 2630 per
513 2569 602 2611 usum
618 2549 825 2610 determinata
840 2549 880 2610 ad
896 2549 1000 2610 hoaut
1016 2565 1112 2608 unam

180 2642 227 2706 vel
241 2643 334 2704 oliam
351 2662 516 2721 personam
531 2645 667 2706 indicent
682 2663 777 2723 quarn
791 2662 871 2705 verae
887 2644 968 2704 illius
980 2645 1110 2723 effigies.

180 2736 241 2798 Sed
254 2754 377 2797 summa
391 2738 508 2799 utilitas
524 2757 562 2799 ex
576 2740 636 2800 hac
660 2739 859 2799 veneratione
884 2739 1011 2816 orietur,
1039 2740 1114 2814 quia

175 2837 302 2915 juvatur
315 2835 475 2916 infirmitas
490 2843 596 2898 nostra
612 2840 643 2899 ct
655 2837 745 2898 facile
760 2857 817 2916 per
837 2837 903 2898 haec
921 2836 1052 2912 visibilia
1067 2841 1108 2898 ad

177 2932 343 2994 invisibilia
364 2933 538 3010 elevamur,
564 2935 739 3010 praesertim
763 2950 834 2994 cum
857 2934 1010 3013 imperitis
1034 2933 1110 2992 ima-

177 3027 266 3104 gines
288 3029 349 3090 sint
371 3027 456 3104 libri,
482 3036 514 3090 ut
532 3027 638 3108 ,arebat
662 3029 828 3106 Gregorius
855 3029 1006 3108 Magnus;
1030 3028 1105 3088 inde

176 3120 315 3182 Ecclesia
329 3139 383 3181 eas
397 3121 474 3182 solet
488 3122 635 3194 retinere,
652 3153 691 3167 -
711 3121 784 3182 licet
807 3121 908 3199 major
930 3120 980 3180 val
1004 3120 1109 3180 minor

174 3216 267 3279 fuerit
278 3235 389 3296 earum
405 3234 478 3276 usus
502 3216 605 3293 prouti
626 3216 866 3277 circumstantiae
881 3215 1106 3294 permiserunt,

174 3342 214 3357 -
232 3329 393 3390 nunquam
413 3317 518 3372 autem
539 3309 654 3372 nullus.
679 3311 723 3372 Ne
747 3317 852 3372 autem
876 3311 907 3371 in
931 3310 990 3370 hac
1014 3310 1110 3370 disci-

174 3405 258 3482 plina
273 3406 410 3484 irrepant
422 3407 550 3480 abusus,
563 3407 672 3468 sedulo
682 3411 808 3470 cautum
818 3412 928 3486 estper
938 3405 1107 3467 concilium

172 3501 388 3562 'tridentinum
411 3520 450 3562 ne
477 3502 602 3563 insolita
625 3502 728 3582 imago
754 3505 888 3582 ponatur
910 3501 968 3561 nisi
992 3519 1108 3581 appro-
