2504 4024
152 256 190 314 92
360 263 688 311 1usr1rurrouussua1s
710 263 864 312 curemur.

192 415 225 473 3⁰
245 409 322 472 Aliae
342 414 468 482 oelctem,
490 406 654 483 seientiam,
678 409 709 468 et
728 405 800 488 fidei
818 407 1009 469 firmitatem.
1033 411 1079 470 Ex
1107 359 1109 365 Ι
1230 431 1231 480 3

153 509 252 587 primo
275 506 375 589 capite
397 510 472 566 sunt
492 505 682 584 irregulares
703 511 812 566 omues
832 505 854 565 ii
875 504 928 585 qui
951 507 1080 568 aetatem

154 621 216 664 non
238 601 366 677 habent,
383 619 420 661 ex
434 599 495 660 alio
510 600 563 679 qui
578 599 740 662 scientiam
754 619 774 662 a
788 600 884 662 sacris
904 601 1081 662 canonibus

153 715 210 775 pro
234 696 364 776 siugulis
387 695 549 757 ordinibus
572 694 770 775 requisitam,
789 695 839 758 vel
861 695 984 758 defectu
1004 695 1082 756 fidei
1130 698 1136 706 '

152 797 250 857 firmae
275 812 344 874 quae
369 793 492 854 videtur
514 793 623 854 deesse
647 812 685 853 ex
707 793 836 872 antiqua
859 791 1026 871 disciplina
1048 791 1081 851 in

154 890 273 953 clericis
295 889 348 969 qui
360 889 609 968 'baptismumin
630 894 754 968 tempus
774 887 962 949 infirmitatis
984 887 1082 955 distu-

153 985 271 1059 lissent,
289 985 320 1043 et
338 982 370 1042 in
388 982 535 1059 praesenti
555 981 650 1043 etiam
670 981 702 1043 iu
724 982 900 1060 neophytis.
917 983 987 1042 Non
1006 999 1082 1042 neo·
1113 970 1115 974 ’

154 1078 252 1158 phyti,
269 1077 374 1138 aiebat
394 1076 520 1152 Paulus,
537 1094 576 1137 ne
597 1077 629 1137 in
650 1077 830 1156 superbiam
852 1077 925 1138 elati
946 1077 979 1137 in
994 1076 1083 1157 judi-

154 1174 236 1234 cium
250 1172 390 1234 incidant
404 1171 531 1233 diaboli.
653 1207 656 1217 ι

193 1273 224 1330 4⁰
239 1266 316 1330 Aliae
337 1268 497 1329 libertatem
518 1270 549 1330 et
568 1265 691 1346 famum.
712 1268 797 1329 luter
816 1265 893 1326 alias
914 1266 1082 1345 qualitates
1104 1269 1108 1278 '

154 1364 288 1426 morales
303 1382 381 1443 quas
396 1362 606 1424 ecclesiastica
620 1360 784 1440 disciplina
797 1360 829 1420 in
844 1361 964 1450 clericis
978 1360 1082 1439 requi-

154 1459 195 1520 rit
208 1459 248 1520 sd
263 1458 410 1519 decorem
432 1465 594 1519 sacrarum
615 1457 810 1519 functionum
829 1455 1012 1517 exercitium
1027 1456 1084 1517 dc-

154 1570 323 1632 coremque
336 1552 434 1630 ipsius
446 1556 545 1616 status
560 1552 713 1614 clericalis
727 1556 933 1614 numerentur
952 1551 1082 1613 libertus

154 1648 186 1708 et
203 1647 324 1724 integra
342 1646 440 1718 fama;
462 1645 594 1723 proinde
615 1646 669 1724 qui
682 1645 720 1705 iis
736 1645 831 1708 etiam
851 1644 1083 1723 inculpabiliter

154 1741 262 1798 carent
276 1736 315 1798 ab
331 1736 494 1799 ordinibus
513 1736 579 1799 sive
597 1737 803 1815 suscipiendis
817 1738 883 1800 sive
898 1725 1083 1799 exercendis

154 1836 249 1917 ercet.

193 1928 334 1990 Libertas
348 1927 387 1988 dc
402 1945 465 2008 qua
482 1926 534 1988 hio
548 1927 706 2008 loquimur
726 1944 789 1989 non
811 1930 859 1991 est
875 1928 1010 2018 pbyslce
1029 1946 1083 1990 vo·

153 2024 239 2088 lendi
248 2026 302 2085 aut
311 2023 438 2086 nolendi
448 2023 580 2086 facultas
594 2023 845 2102 independenter
854 2043 874 2104 a
884 2041 1083 2105 quacumque

154 2119 349 2195 necessitate,
366 2136 436 2199 quae
452 2118 477 2178 si
488 2118 622 2195 deesset,
634 2118 810 2179 naturalem
820 2124 852 2181 et
861 2118 1028 2199 physicum
1042 2118 1084 2180 ad

154 2232 259 2276 saeros
280 2214 406 2276 ordines
426 2213 686 2294 impedimentum
709 2215 863 2292 causaret,
879 2217 974 2292 prout
991 2214 1024 2274 in
1038 2214 1083 2275 in·

154 2311 302 2389 lantibus,
319 2311 533 2373 ementibus...
553 2310 606 2390 qui
626 2309 757 2371 rationis
778 2327 841 2370 nou
860 2311 1080 2373 destituuntur.

34 2483 38 2492 ,
155 2408 217 2470 Sed
231 2408 358 2469 libertas
377 2408 445 2470 haec
460 2410 507 2468 est
520 2406 702 2467 immunitas
716 2424 736 2466 a
748 2405 935 2486 specialibus
954 2405 1084 2486 quibus-

155 2502 228 2562 dem
243 2502 485 2581 obligationibus
499 2502 677 2580 socialibus,
690 2519 760 2582 quae
776 2502 923 2563 clericum
936 2500 1083 2580 prohibe·

153 2602 223 2661 rent
237 2597 404 2676 quominus
417 2598 552 2658 liberum
565 2615 602 2658 sc
618 2598 765 2659 decorem
784 2589 980 2660 functionum
995 2595 1083 2657 cleri-

154 2691 267 2753 calium
282 2691 465 2753 exercitium
479 2691 632 2753 sustinere
646 2696 762 2769 posset.

194 2786 276 2848 'lulis
290 2785 417 2847 libertas
433 2786 521 2847 deest
534 2786 635 2864 seruis,
647 2786 709 2848 illis
722 2787 841 2849 seilicet
854 2786 908 2868 qui
919 2787 990 2868 jure
1004 2795 1083 2867 'gen-

153 2884 231 2947 tium
249 2882 385 2945 subsunt
405 2881 597 2944 servitutem.
620 2883 756 2946 Serviles
774 2884 859 2944 enim
877 2883 1083 2964 obligationes

154 2997 225 3042 cum
248 2980 346 3043 libero
371 2983 402 3042 et
425 2979 540 3041 decoro
565 2979 711 3042 exercitio
740 2980 886 3059 componi
909 2983 1079 3059 nequeunt.

153 3076 287 3139 Proinde
302 3079 357 3138 aut
375 3077 492 3138 statum
513 3074 672 3137 servitutis
693 3093 815 3137 cessere
837 3075 1011 3157 oportebat,
1027 3075 1083 3135 aut

152 3172 204 3233 illo
219 3177 366 3236 manente
381 3191 508 3235 servum
522 3173 562 3234 ab
577 3165 739 3234 ordinibus
758 3171 946 3252 illorumque
966 3170 1082 3232 muniis

153 3265 306 3329 obeundis
328 3269 484 3348 impediri.
502 3269 597 3350 Atqui
618 3268 758 3331 Ecclesia
778 3287 836 3330 neo
856 3269 1005 3348 prudens,
1022 3283 1082 3326 nec

149 3360 270 3440 justum
284 3381 352 3424 esse
367 3365 489 3442 putsvit
503 3364 600 3425 servis
616 3380 726 3426 ausam
746 3362 886 3442 praebere
901 3366 939 3422 ut'
950 3380 970 3424 a
983 3359 1081 3422 domi-

154 3473 266 3517 norum
287 3456 468 3521 obedientia
482 3477 515 3524 se
530 3460 762 3537 subtraherent,
779 3463 810 3522 et
823 3459 868 3522 ite
881 3458 1081 3520 dominorum
