<?xml version="1.0" encoding="UTF-8"?>
<!DOCTYPE html PUBLIC "-//W3C//DTD XHTML 1.0 Transitional//EN"
    "http://www.w3.org/TR/xhtml1/DTD/xhtml1-transitional.dtd">
<html xmlns="http://www.w3.org/1999/xhtml" xml:lang="en" lang="en">
 <head>
  <title>
</title>
<meta http-equiv="Content-Type" content="text/html;charset=utf-8" />
  <meta name='ocr-system' content='tesseract 3.04.00' />
  <meta name='ocr-capabilities' content='ocr_page ocr_carea ocr_par ocr_line ocrx_word'/>
</head>
<body>
  <div class='ocr_page' id='page_1' title='image "./institutionesju00marigoog_0149.png"; bbox 0 0 2504 4024; ppageno 0'>
   <div class='ocr_carea' id='block_1_1' title="bbox 174 250 888 307">
    <p class='ocr_par' dir='ltr' id='par_1_1' title="bbox 174 250 888 307">
     <span class='ocr_line' id='line_1_1' title="bbox 174 250 888 307; baseline -0.007 0"><span class='ocrx_word' id='word_1_1' title='bbox 174 250 231 307; x_wconf 75' lang='lat' dir='ltr'><strong>tou</strong></span> <span class='ocrx_word' id='word_1_2' title='bbox 382 255 608 303; x_wconf 76' lang='lat' dir='ltr'><strong>murmuriosus</strong></span> <span class='ocrx_word' id='word_1_3' title='bbox 630 255 712 302; x_wconf 81' lang='lat' dir='ltr'><strong>rums</strong></span> <span class='ocrx_word' id='word_1_4' title='bbox 734 254 888 302; x_wconf 69' lang='lat' dir='ltr'><strong>uiuorum.</strong></span> 
     </span>
    </p>
   </div>
   <div class='ocr_carea' id='block_1_2' title="bbox 165 387 1161 3244">
    <p class='ocr_par' dir='ltr' id='par_1_2' title="bbox 171 387 1105 942">
     <span class='ocr_line' id='line_1_2' title="bbox 173 387 1105 479; baseline -0.003 -12"><span class='ocrx_word' id='word_1_5' title='bbox 173 403 356 467; x_wconf 89' lang='lat' dir='ltr'><strong>auctoritate</strong></span> <span class='ocrx_word' id='word_1_6' title='bbox 371 399 523 479; x_wconf 83' lang='lat' dir='ltr'><strong>superior,</strong></span> <span class='ocrx_word' id='word_1_7' title='bbox 541 387 579 458; x_wconf 80' lang='lat' dir='ltr'><strong>ax</strong></span> <span class='ocrx_word' id='word_1_8' title='bbox 593 397 682 476; x_wconf 91' lang='lat' dir='ltr'><strong>cujus</strong></span> <span class='ocrx_word' id='word_1_9' title='bbox 695 397 764 478; x_wconf 91' lang='lat' dir='ltr'><strong>ipsa</strong></span> <span class='ocrx_word' id='word_1_10' title='bbox 774 397 976 461; x_wconf 86' lang='lat' dir='ltr'><strong>institutione</strong></span> <span class='ocrx_word' id='word_1_11' title='bbox 990 419 1105 464; x_wconf 87' lang='lat' dir='ltr'><strong>neces-</strong></span> 
     </span>
     <span class='ocr_line' id='line_1_3' title="bbox 172 493 1105 571; baseline -0.001 -11"><span class='ocrx_word' id='word_1_12' title='bbox 172 497 254 560; x_wconf 91' lang='lat' dir='ltr'><strong>sario</strong></span> <span class='ocrx_word' id='word_1_13' title='bbox 274 496 462 571; x_wconf 84' lang='lat' dir='ltr'><strong>factumest,</strong></span> <span class='ocrx_word' id='word_1_14' title='bbox 486 498 521 556; x_wconf 89' lang='lat' dir='ltr'><strong>ut</strong></span> <span class='ocrx_word' id='word_1_15' title='bbox 538 493 736 555; x_wconf 88' lang='lat' dir='ltr'><strong>manentibus</strong></span> <span class='ocrx_word' id='word_1_16' title='bbox 757 494 954 558; x_wconf 88' lang='lat' dir='ltr'><strong>naturalibus</strong></span> <span class='ocrx_word' id='word_1_17' title='bbox 976 497 1105 559; x_wconf 89' lang='lat' dir='ltr'><strong>relatio-</strong></span> 
     </span>
     <span class='ocr_line' id='line_1_4' title="bbox 172 589 1105 671; baseline 0.001 -18"><span class='ocrx_word' id='word_1_18' title='bbox 172 595 264 654; x_wconf 85' lang='lat' dir='ltr'>nibus</span> <span class='ocrx_word' id='word_1_19' title='bbox 277 599 403 671; x_wconf 87' lang='lat' dir='ltr'><strong>patrum</strong></span> <span class='ocrx_word' id='word_1_20' title='bbox 417 610 493 669; x_wconf 86' lang='lat' dir='ltr'><strong>erga</strong></span> <span class='ocrx_word' id='word_1_21' title='bbox 506 590 596 665; x_wconf 88' lang='lat' dir='ltr'><strong>tilios,</strong></span> <span class='ocrx_word' id='word_1_22' title='bbox 618 593 649 651; x_wconf 88' lang='lat' dir='ltr'><strong>et</strong></span> <span class='ocrx_word' id='word_1_23' title='bbox 670 589 818 666; x_wconf 84' lang='lat' dir='ltr'><strong>vicissim,</strong></span> <span class='ocrx_word' id='word_1_24' title='bbox 842 595 949 652; x_wconf 87' lang='lat' dir='ltr'><strong>tamen</strong></span> <span class='ocrx_word' id='word_1_25' title='bbox 967 597 1105 671; x_wconf 88' lang='lat' dir='ltr'><strong>paterna</strong></span> 
     </span>
     <span class='ocr_line' id='line_1_5' title="bbox 171 684 1103 767; baseline 0.001 -19"><span class='ocrx_word' id='word_1_26' title='bbox 171 689 341 751; x_wconf 89' lang='lat' dir='ltr'><strong>auctoritas</strong></span> <span class='ocrx_word' id='word_1_27' title='bbox 355 687 438 750; x_wconf 87' lang='lat' dir='ltr'><strong>iacta</strong></span> <span class='ocrx_word' id='word_1_28' title='bbox 459 689 507 748; x_wconf 91' lang='lat' dir='ltr'><strong>est</strong></span> <span class='ocrx_word' id='word_1_29' title='bbox 529 684 684 764; x_wconf 84' lang='lat' dir='ltr'>superiori</span> <span class='ocrx_word' id='word_1_30' title='bbox 707 686 885 748; x_wconf 75' lang='lat' dir='ltr'><strong>auctoritati</strong></span> <span class='ocrx_word' id='word_1_31' title='bbox 908 687 1048 767; x_wconf 87' lang='lat' dir='ltr'><strong>subjecta</strong></span> <span class='ocrx_word' id='word_1_32' title='bbox 1066 690 1103 750; x_wconf 90' lang='lat' dir='ltr'><strong>in</strong></span> 
     </span>
     <span class='ocr_line' id='line_1_6' title="bbox 172 782 1102 863; baseline 0.001 -18"><span class='ocrx_word' id='word_1_33' title='bbox 172 784 281 846; x_wconf 90' lang='lat' dir='ltr'><strong>ordine</strong></span> <span class='ocrx_word' id='word_1_34' title='bbox 300 783 340 843; x_wconf 91' lang='lat' dir='ltr'><strong>ad</strong></span> <span class='ocrx_word' id='word_1_35' title='bbox 362 782 482 843; x_wconf 92' lang='lat' dir='ltr'><strong>bonum</strong></span> <span class='ocrx_word' id='word_1_36' title='bbox 506 799 683 858; x_wconf 89' lang='lat' dir='ltr'><strong>commune,</strong></span> <span class='ocrx_word' id='word_1_37' title='bbox 712 782 752 843; x_wconf 91' lang='lat' dir='ltr'><strong>ad</strong></span> <span class='ocrx_word' id='word_1_38' title='bbox 779 783 864 862; x_wconf 84' lang='lat' dir='ltr'><strong>quod</strong></span> <span class='ocrx_word' id='word_1_39' title='bbox 888 783 1021 863; x_wconf 89' lang='lat' dir='ltr'><strong>amplior</strong></span> <span class='ocrx_word' id='word_1_40' title='bbox 1043 784 1102 846; x_wconf 90' lang='lat' dir='ltr'><strong>itta</strong></span> 
     </span>
     <span class='ocr_line' id='line_1_7' title="bbox 171 875 630 942; baseline -0.011 -1"><span class='ocrx_word' id='word_1_41' title='bbox 171 880 303 942; x_wconf 90' lang='lat' dir='ltr'><strong>societas</strong></span> <span class='ocrx_word' id='word_1_42' title='bbox 318 883 401 938; x_wconf 88' lang='lat' dir='ltr'><strong>esset</strong></span> <span class='ocrx_word' id='word_1_43' title='bbox 414 875 630 937; x_wconf 82' lang='lat' dir='ltr'><strong>subordinate.</strong></span> 
     </span>
    </p>

    <p class='ocr_par' dir='ltr' id='par_1_3' title="bbox 169 971 1153 1700">
     <span class='ocr_line' id='line_1_8' title="bbox 210 971 1103 1051; baseline 0 -15"><span class='ocrx_word' id='word_1_44' title='bbox 210 973 443 1037; x_wconf 85' lang='lat' dir='ltr'><strong>Matrimonium</strong></span> <span class='ocrx_word' id='word_1_45' title='bbox 477 971 561 1050; x_wconf 87' lang='lat' dir='ltr'><strong>quod</strong></span> <span class='ocrx_word' id='word_1_46' title='bbox 580 971 692 1031; x_wconf 85' lang='lat' dir='ltr'><strong>¹alium</strong></span> <span class='ocrx_word' id='word_1_47' title='bbox 726 971 929 1051; x_wconf 86' lang='lat' dir='ltr'><strong>subjectionis</strong></span> <span class='ocrx_word' id='word_1_48' title='bbox 956 974 1103 1036; x_wconf 82' lang='lat' dir='ltr'><strong>ordinem</strong></span> 
     </span>
     <span class='ocr_line' id='line_1_9' title="bbox 170 1062 1153 1149; baseline 0.001 -18"><span class='ocrx_word' id='word_1_49' title='bbox 170 1069 346 1149; x_wconf 82' lang='lat' dir='ltr'><strong>ignorabat,</strong></span> <span class='ocrx_word' id='word_1_50' title='bbox 372 1069 487 1146; x_wconf 86' lang='lat' dir='ltr'><strong>praeter</strong></span> <span class='ocrx_word' id='word_1_51' title='bbox 506 1066 736 1146; x_wconf 83' lang='lat' dir='ltr'><strong>subjectionem</strong></span> <span class='ocrx_word' id='word_1_52' title='bbox 754 1064 893 1145; x_wconf 85' lang='lat' dir='ltr'><strong>paternae</strong></span> <span class='ocrx_word' id='word_1_53' title='bbox 908 1071 1098 1147; x_wconf 84' lang='lat' dir='ltr'><strong>auctoritati,</strong></span> <span class='ocrx_word' id='word_1_54' title='bbox 1146 1062 1153 1074; x_wconf 81' lang='grc'><strong><em>’</em></strong></span> 
     </span>
     <span class='ocr_line' id='line_1_10' title="bbox 171 1161 1101 1243; baseline 0 -17"><span class='ocrx_word' id='word_1_55' title='bbox 171 1163 336 1242; x_wconf 88' lang='lat' dir='ltr'><strong>acquisivit</strong></span> <span class='ocrx_word' id='word_1_56' title='bbox 350 1167 381 1224; x_wconf 88' lang='lat' dir='ltr'><strong>et</strong></span> <span class='ocrx_word' id='word_1_57' title='bbox 403 1164 516 1241; x_wconf 89' lang='lat' dir='ltr'><strong>ipsum,</strong></span> <span class='ocrx_word' id='word_1_58' title='bbox 539 1161 710 1242; x_wconf 49' lang='lat' dir='ltr'><strong>¹quemdam</strong></span> <span class='ocrx_word' id='word_1_59' title='bbox 733 1163 934 1243; x_wconf 89' lang='lat' dir='ltr'><strong>subjectionis</strong></span> <span class='ocrx_word' id='word_1_60' title='bbox 956 1163 1101 1226; x_wconf 89' lang='lat' dir='ltr'><strong>ordinem</strong></span> 
     </span>
     <span class='ocr_line' id='line_1_11' title="bbox 171 1259 1100 1342; baseline 0 -20"><span class='ocrx_word' id='word_1_61' title='bbox 171 1263 211 1322; x_wconf 91' lang='lat' dir='ltr'><strong>ad</strong></span> <span class='ocrx_word' id='word_1_62' title='bbox 226 1259 384 1338; x_wconf 90' lang='lat' dir='ltr'><strong>publicam</strong></span> <span class='ocrx_word' id='word_1_63' title='bbox 398 1259 627 1321; x_wconf 88' lang='lat' dir='ltr'><strong>auctoritatem.</strong></span> <span class='ocrx_word' id='word_1_64' title='bbox 640 1259 793 1322; x_wconf 83' lang='lat' dir='ltr'><strong>Videlicet</strong></span> <span class='ocrx_word' id='word_1_65' title='bbox 803 1261 947 1339; x_wconf 90' lang='lat' dir='ltr'><strong>princeps</strong></span> <span class='ocrx_word' id='word_1_66' title='bbox 958 1279 1014 1339; x_wconf 88' lang='lat' dir='ltr'><strong>pro</strong></span> <span class='ocrx_word' id='word_1_67' title='bbox 1026 1262 1100 1342; x_wconf 86' lang='lat' dir='ltr'><strong>juro</strong></span> 
     </span>
     <span class='ocr_line' id='line_1_12' title="bbox 171 1354 1100 1420; baseline 0.003 -3"><span class='ocrx_word' id='word_1_68' title='bbox 171 1359 202 1419; x_wconf 88' lang='lat' dir='ltr'><strong>at</strong></span> <span class='ocrx_word' id='word_1_69' title='bbox 230 1357 331 1418; x_wconf 87' lang='lat' dir='ltr'><strong>otiicio</strong></span> <span class='ocrx_word' id='word_1_70' title='bbox 358 1355 484 1416; x_wconf 85' lang='lat' dir='ltr'><strong>tuendae</strong></span> <span class='ocrx_word' id='word_1_71' title='bbox 513 1359 649 1418; x_wconf 81' lang='lat' dir='ltr'><strong>externa</strong></span> <span class='ocrx_word' id='word_1_72' title='bbox 678 1354 848 1417; x_wconf 82' lang='lat' dir='ltr'><strong>honestatis</strong></span> <span class='ocrx_word' id='word_1_73' title='bbox 870 1357 902 1416; x_wconf 93' lang='lat' dir='ltr'><strong>in</strong></span> <span class='ocrx_word' id='word_1_74' title='bbox 926 1358 1035 1420; x_wconf 88' lang='lat' dir='ltr'><strong>ordine</strong></span> <span class='ocrx_word' id='word_1_75' title='bbox 1058 1359 1100 1419; x_wconf 91' lang='lat' dir='ltr'><strong>ad</strong></span> 
     </span>
     <span class='ocr_line' id='line_1_13' title="bbox 170 1448 1101 1530; baseline 0.004 -20"><span class='ocrx_word' id='word_1_76' title='bbox 170 1452 265 1510; x_wconf 89' lang='lat' dir='ltr'><strong>tinem</strong></span> <span class='ocrx_word' id='word_1_77' title='bbox 279 1450 452 1511; x_wconf 87' lang='lat' dir='ltr'><strong>communis</strong></span> <span class='ocrx_word' id='word_1_78' title='bbox 466 1448 633 1526; x_wconf 82' lang='lat' dir='ltr'><strong>felicitatis,</strong></span> <span class='ocrx_word' id='word_1_79' title='bbox 651 1466 713 1510; x_wconf 92' lang='lat' dir='ltr'><strong>non</strong></span> <span class='ocrx_word' id='word_1_80' title='bbox 727 1449 829 1528; x_wconf 90' lang='lat' dir='ltr'><strong>potuit</strong></span> <span class='ocrx_word' id='word_1_81' title='bbox 838 1451 1008 1530; x_wconf 86' lang='lat' dir='ltr'><strong>prohiberi,</strong></span> <span class='ocrx_word' id='word_1_82' title='bbox 1021 1471 1101 1530; x_wconf 90' lang='lat' dir='ltr'><strong>quo-</strong></span> 
     </span>
     <span class='ocr_line' id='line_1_14' title="bbox 169 1545 1101 1628; baseline 0.003 -23"><span class='ocrx_word' id='word_1_83' title='bbox 169 1546 272 1605; x_wconf 86' lang='lat' dir='ltr'><strong>minus</strong></span> <span class='ocrx_word' id='word_1_84' title='bbox 287 1546 425 1625; x_wconf 88' lang='lat' dir='ltr'><strong>atiquam</strong></span> <span class='ocrx_word' id='word_1_85' title='bbox 439 1547 561 1624; x_wconf 86' lang='lat' dir='ltr'><strong>partem</strong></span> <span class='ocrx_word' id='word_1_86' title='bbox 575 1563 639 1606; x_wconf 93' lang='lat' dir='ltr'><strong>non</strong></span> <span class='ocrx_word' id='word_1_87' title='bbox 653 1548 791 1628; x_wconf 72' lang='lat' dir='ltr'><strong>sumeret</strong></span> <span class='ocrx_word' id='word_1_88' title='bbox 804 1546 837 1607; x_wconf 92' lang='lat' dir='ltr'><strong>in</strong></span> <span class='ocrx_word' id='word_1_89' title='bbox 856 1545 971 1609; x_wconf 86' lang='lat' dir='ltr'><strong>civium</strong></span> <span class='ocrx_word' id='word_1_90' title='bbox 989 1549 1101 1609; x_wconf 89' lang='lat' dir='ltr'><strong>matri-</strong></span> 
     </span>
     <span class='ocr_line' id='line_1_15' title="bbox 169 1656 292 1700; baseline 0.008 -2"><span class='ocrx_word' id='word_1_91' title='bbox 169 1656 292 1700; x_wconf 86' lang='lat' dir='ltr'><strong>monus.</strong></span> 
     </span>
    </p>

    <p class='ocr_par' dir='ltr' id='par_1_4' title="bbox 166 1732 1161 2768">
     <span class='ocr_line' id='line_1_16' title="bbox 208 1732 1101 1814; baseline 0.004 -19"><span class='ocrx_word' id='word_1_92' title='bbox 208 1737 273 1795; x_wconf 93' lang='lat' dir='ltr'><strong>lmo</strong></span> <span class='ocrx_word' id='word_1_93' title='bbox 297 1734 441 1812; x_wconf 91' lang='lat' dir='ltr'><strong>publicus</strong></span> <span class='ocrx_word' id='word_1_94' title='bbox 463 1732 540 1795; x_wconf 94' lang='lat' dir='ltr'><strong>ordo</strong></span> <span class='ocrx_word' id='word_1_95' title='bbox 561 1733 595 1794; x_wconf 92' lang='lat' dir='ltr'><strong>id</strong></span> <span class='ocrx_word' id='word_1_96' title='bbox 617 1733 809 1814; x_wconf 77' lang='lat' dir='ltr'><strong>efflagitavit,</strong></span> <span class='ocrx_word' id='word_1_97' title='bbox 837 1751 910 1796; x_wconf 91' lang='lat' dir='ltr'><strong>cum</strong></span> <span class='ocrx_word' id='word_1_98' title='bbox 931 1736 1017 1796; x_wconf 90' lang='lat' dir='ltr'><strong>nulla</strong></span> <span class='ocrx_word' id='word_1_99' title='bbox 1038 1738 1101 1799; x_wconf 87' lang='lat' dir='ltr'><strong>ntia</strong></span> 
     </span>
     <span class='ocr_line' id='line_1_17' title="bbox 169 1831 1100 1912; baseline 0.004 -20"><span class='ocrx_word' id='word_1_100' title='bbox 169 1847 265 1892; x_wconf 88' lang='lat' dir='ltr'><strong>causa</strong></span> <span class='ocrx_word' id='word_1_101' title='bbox 278 1831 409 1893; x_wconf 86' lang='lat' dir='ltr'><strong>fortasse</strong></span> <span class='ocrx_word' id='word_1_102' title='bbox 425 1831 561 1893; x_wconf 82' lang='lat' dir='ltr'><strong>sitands</strong></span> <span class='ocrx_word' id='word_1_103' title='bbox 577 1833 709 1893; x_wconf 89' lang='lat' dir='ltr'><strong>societas</strong></span> <span class='ocrx_word' id='word_1_104' title='bbox 722 1832 792 1910; x_wconf 92' lang='lat' dir='ltr'><strong>ipsa</strong></span> <span class='ocrx_word' id='word_1_105' title='bbox 805 1836 900 1912; x_wconf 85' lang='lat' dir='ltr'><strong>queat</strong></span> <span class='ocrx_word' id='word_1_106' title='bbox 913 1833 1014 1912; x_wconf 80' lang='lat' dir='ltr'><strong>magis</strong></span> <span class='ocrx_word' id='word_1_107' title='bbox 1028 1853 1100 1912; x_wconf 88' lang='lat' dir='ltr'><strong>per-</strong></span> 
     </span>
     <span class='ocr_line' id='line_1_18' title="bbox 168 1926 1101 2008; baseline 0.005 -23"><span class='ocrx_word' id='word_1_108' title='bbox 168 1926 301 1986; x_wconf 91' lang='lat' dir='ltr'><strong>turbari.</strong></span> <span class='ocrx_word' id='word_1_109' title='bbox 319 1927 394 1997; x_wconf 85' lang='lat' dir='ltr'><strong>Quae</strong></span> <span class='ocrx_word' id='word_1_110' title='bbox 411 1926 535 2003; x_wconf 86' lang='lat' dir='ltr'><strong>Moyses</strong></span> <span class='ocrx_word' id='word_1_111' title='bbox 557 1931 708 2005; x_wconf 87' lang='lat' dir='ltr'><strong>tanquam</strong></span> <span class='ocrx_word' id='word_1_112' title='bbox 729 1926 792 1986; x_wconf 93' lang='lat' dir='ltr'><strong>dux</strong></span> <span class='ocrx_word' id='word_1_113' title='bbox 814 1929 845 1988; x_wconf 91' lang='lat' dir='ltr'><strong>et</strong></span> <span class='ocrx_word' id='word_1_114' title='bbox 865 1928 1024 2006; x_wconf 87' lang='lat' dir='ltr'><strong>legislator</strong></span> <span class='ocrx_word' id='word_1_115' title='bbox 1045 1947 1101 2008; x_wconf 95' lang='lat' dir='ltr'><strong>po·</strong></span> 
     </span>
     <span class='ocr_line' id='line_1_19' title="bbox 168 2020 1098 2104; baseline 0.005 -23"><span class='ocrx_word' id='word_1_116' title='bbox 168 2021 235 2100; x_wconf 93' lang='lat' dir='ltr'><strong>puli</strong></span> <span class='ocrx_word' id='word_1_117' title='bbox 257 2020 378 2100; x_wconf 86' lang='lat' dir='ltr'><strong>judaiei</strong></span> <span class='ocrx_word' id='word_1_118' title='bbox 398 2021 593 2084; x_wconf 86' lang='lat' dir='ltr'><strong>constituerit</strong></span> <span class='ocrx_word' id='word_1_119' title='bbox 615 2039 672 2100; x_wconf 91' lang='lat' dir='ltr'><strong>pro</strong></span> <span class='ocrx_word' id='word_1_120' title='bbox 697 2022 859 2084; x_wconf 90' lang='lat' dir='ltr'><strong>connubiis</strong></span> <span class='ocrx_word' id='word_1_121' title='bbox 880 2023 1098 2104; x_wconf 80' lang='lat' dir='ltr'><strong>Hebraeorum,</strong></span> 
     </span>
     <span class='ocr_line' id='line_1_20' title="bbox 167 2115 1100 2197; baseline 0.004 -19"><span class='ocrx_word' id='word_1_122' title='bbox 167 2118 302 2178; x_wconf 88' lang='lat' dir='ltr'><strong>vidimus</strong></span> <span class='ocrx_word' id='word_1_123' title='bbox 317 2116 442 2196; x_wconf 88' lang='lat' dir='ltr'><strong>quando</strong></span> <span class='ocrx_word' id='word_1_124' title='bbox 459 2117 631 2197; x_wconf 83' lang='lat' dir='ltr'><strong>agebamus</strong></span> <span class='ocrx_word' id='word_1_125' title='bbox 645 2115 684 2178; x_wconf 90' lang='lat' dir='ltr'><strong>de</strong></span> <span class='ocrx_word' id='word_1_126' title='bbox 699 2117 849 2195; x_wconf 84' lang='lat' dir='ltr'><strong>proludiis</strong></span> <span class='ocrx_word' id='word_1_127' title='bbox 859 2121 1100 2182; x_wconf 83' lang='lat' dir='ltr'><strong>restaurationis</strong></span> 
     </span>
     <span class='ocr_line' id='line_1_21' title="bbox 167 2202 1161 2292; baseline 0.004 -20"><span class='ocrx_word' id='word_1_128' title='bbox 167 2213 368 2274; x_wconf 88' lang='lat' dir='ltr'><strong>matrimonii.</strong></span> <span class='ocrx_word' id='word_1_129' title='bbox 387 2213 450 2274; x_wconf 87' lang='lat' dir='ltr'><strong>Sed</strong></span> <span class='ocrx_word' id='word_1_130' title='bbox 465 2214 580 2290; x_wconf 84' lang='lat' dir='ltr'><strong>Moysis</strong></span> <span class='ocrx_word' id='word_1_131' title='bbox 595 2213 772 2292; x_wconf 83' lang='lat' dir='ltr'><strong>exemplum</strong></span> <span class='ocrx_word' id='word_1_132' title='bbox 785 2231 848 2274; x_wconf 92' lang='lat' dir='ltr'><strong>non</strong></span> <span class='ocrx_word' id='word_1_133' title='bbox 862 2202 965 2291; x_wconf 86' lang='lat' dir='ltr'><strong>potest</strong></span> <span class='ocrx_word' id='word_1_134' title='bbox 978 2214 1019 2275; x_wconf 92' lang='lat' dir='ltr'><strong>ad</strong></span> <span class='ocrx_word' id='word_1_135' title='bbox 1029 2233 1099 2276; x_wconf 88' lang='lat' dir='ltr'><strong>rem</strong></span> <span class='ocrx_word' id='word_1_136' title='bbox 1158 2281 1161 2287; x_wconf 67' lang='grc'>,</span> 
     </span>
     <span class='ocr_line' id='line_1_22' title="bbox 168 2309 1100 2389; baseline 0.002 -19"><span class='ocrx_word' id='word_1_137' title='bbox 168 2312 307 2370; x_wconf 89' lang='lat' dir='ltr'><strong>nostram</strong></span> <span class='ocrx_word' id='word_1_138' title='bbox 322 2309 479 2388; x_wconf 88' lang='lat' dir='ltr'><strong>protendi,</strong></span> <span class='ocrx_word' id='word_1_139' title='bbox 495 2327 569 2369; x_wconf 91' lang='lat' dir='ltr'><strong>cum</strong></span> <span class='ocrx_word' id='word_1_140' title='bbox 582 2309 627 2369; x_wconf 91' lang='lat' dir='ltr'><strong>ibi</strong></span> <span class='ocrx_word' id='word_1_141' title='bbox 639 2326 704 2368; x_wconf 89' lang='lat' dir='ltr'><strong>non</strong></span> <span class='ocrx_word' id='word_1_142' title='bbox 718 2313 826 2387; x_wconf 84' lang='lat' dir='ltr'><strong>ageret</strong></span> <span class='ocrx_word' id='word_1_143' title='bbox 840 2312 874 2370; x_wconf 91' lang='lat' dir='ltr'><strong>ut</strong></span> <span class='ocrx_word' id='word_1_144' title='bbox 893 2309 1026 2386; x_wconf 84' lang='lat' dir='ltr'><strong>simplex</strong></span> <span class='ocrx_word' id='word_1_145' title='bbox 1044 2329 1100 2389; x_wconf 94' lang='lat' dir='ltr'><strong>po·</strong></span> 
     </span>
     <span class='ocr_line' id='line_1_23' title="bbox 166 2404 1099 2484; baseline 0.002 -18"><span class='ocrx_word' id='word_1_146' title='bbox 166 2405 268 2466; x_wconf 89' lang='lat' dir='ltr'><strong>titicus</strong></span> <span class='ocrx_word' id='word_1_147' title='bbox 283 2406 347 2466; x_wconf 89' lang='lat' dir='ltr'><strong>dux</strong></span> <span class='ocrx_word' id='word_1_148' title='bbox 361 2405 467 2484; x_wconf 89' lang='lat' dir='ltr'><strong>popuii</strong></span> <span class='ocrx_word' id='word_1_149' title='bbox 483 2404 643 2483; x_wconf 85' lang='lat' dir='ltr'><strong>haebraici,</strong></span> <span class='ocrx_word' id='word_1_150' title='bbox 659 2405 691 2465; x_wconf 95' lang='lat' dir='ltr'><strong>in</strong></span> <span class='ocrx_word' id='word_1_151' title='bbox 713 2406 797 2466; x_wconf 87' lang='lat' dir='ltr'><strong>viam</strong></span> <span class='ocrx_word' id='word_1_152' title='bbox 815 2407 967 2466; x_wconf 90' lang='lat' dir='ltr'><strong>naturalis</strong></span> <span class='ocrx_word' id='word_1_153' title='bbox 988 2411 1099 2470; x_wconf 90' lang='lat' dir='ltr'><strong>aucto-</strong></span> 
     </span>
     <span class='ocr_line' id='line_1_24' title="bbox 166 2496 1097 2576; baseline 0.006 -20"><span class='ocrx_word' id='word_1_154' title='bbox 166 2498 277 2572; x_wconf 88' lang='lat' dir='ltr'><strong>ritatis,</strong></span> <span class='ocrx_word' id='word_1_155' title='bbox 293 2496 350 2558; x_wconf 89' lang='lat' dir='ltr'><strong>scd</strong></span> <span class='ocrx_word' id='word_1_156' title='bbox 363 2499 465 2576; x_wconf 93' lang='lat' dir='ltr'><strong>potius</strong></span> <span class='ocrx_word' id='word_1_157' title='bbox 485 2517 523 2558; x_wconf 88' lang='lat' dir='ltr'><strong>ax</strong></span> <span class='ocrx_word' id='word_1_158' title='bbox 538 2499 671 2576; x_wconf 88' lang='lat' dir='ltr'><strong>positiva</strong></span> <span class='ocrx_word' id='word_1_159' title='bbox 695 2499 880 2561; x_wconf 85' lang='lat' dir='ltr'><strong>auctoritate</strong></span> <span class='ocrx_word' id='word_1_160' title='bbox 905 2499 965 2560; x_wconf 91' lang='lat' dir='ltr'><strong>sibi</strong></span> <span class='ocrx_word' id='word_1_161' title='bbox 987 2519 1006 2560; x_wconf 90' lang='lat' dir='ltr'><strong>a</strong></span> <span class='ocrx_word' id='word_1_162' title='bbox 1031 2502 1097 2562; x_wconf 89' lang='lat' dir='ltr'><strong>Deo</strong></span> 
     </span>
     <span class='ocr_line' id='line_1_25' title="bbox 166 2593 1099 2673; baseline 0.008 -21"><span class='ocrx_word' id='word_1_163' title='bbox 166 2593 260 2666; x_wconf 87' lang='lat' dir='ltr'><strong>iacta,</strong></span> <span class='ocrx_word' id='word_1_164' title='bbox 290 2610 328 2651; x_wconf 88' lang='lat' dir='ltr'><strong>ex</strong></span> <span class='ocrx_word' id='word_1_165' title='bbox 354 2593 482 2670; x_wconf 86' lang='lat' dir='ltr'><strong>speciali</strong></span> <span class='ocrx_word' id='word_1_166' title='bbox 503 2594 651 2655; x_wconf 90' lang='lat' dir='ltr'><strong>missione</strong></span> <span class='ocrx_word' id='word_1_167' title='bbox 671 2613 692 2655; x_wconf 93' lang='lat' dir='ltr'><strong>a</strong></span> <span class='ocrx_word' id='word_1_168' title='bbox 709 2597 773 2656; x_wconf 91' lang='lat' dir='ltr'><strong>Deo</strong></span> <span class='ocrx_word' id='word_1_169' title='bbox 800 2601 938 2673; x_wconf 88' lang='lat' dir='ltr'><strong>recepta,</strong></span> <span class='ocrx_word' id='word_1_170' title='bbox 961 2601 992 2658; x_wconf 89' lang='lat' dir='ltr'><strong>et</strong></span> <span class='ocrx_word' id='word_1_171' title='bbox 1013 2602 1099 2661; x_wconf 87' lang='lat' dir='ltr'><strong>esset</strong></span> 
     </span>
     <span class='ocr_line' id='line_1_26' title="bbox 167 2683 966 2768; baseline 0.008 -24"><span class='ocrx_word' id='word_1_172' title='bbox 167 2683 311 2763; x_wconf 89' lang='lat' dir='ltr'><strong>specialis</strong></span> <span class='ocrx_word' id='word_1_173' title='bbox 333 2685 388 2746; x_wconf 91' lang='lat' dir='ltr'><strong>Dei</strong></span> <span class='ocrx_word' id='word_1_174' title='bbox 410 2684 572 2763; x_wconf 83' lang='lat' dir='ltr'><strong>delegatus</strong></span> <span class='ocrx_word' id='word_1_175' title='bbox 591 2687 623 2746; x_wconf 92' lang='lat' dir='ltr'><strong>in</strong></span> <span class='ocrx_word' id='word_1_176' title='bbox 644 2688 817 2750; x_wconf 89' lang='lat' dir='ltr'><strong>theooratia</strong></span> <span class='ocrx_word' id='word_1_177' title='bbox 828 2688 966 2768; x_wconf 88' lang='lat' dir='ltr'><strong>judaica.</strong></span> 
     </span>
    </p>

    <p class='ocr_par' dir='ltr' id='par_1_5' title="bbox 165 2775 1099 3244">
     <span class='ocr_line' id='line_1_27' title="bbox 206 2775 1097 2862; baseline 0.011 -26"><span class='ocrx_word' id='word_1_178' title='bbox 206 2779 251 2837; x_wconf 90' lang='lat' dir='ltr'><strong>De</strong></span> <span class='ocrx_word' id='word_1_179' title='bbox 265 2775 334 2838; x_wconf 89' lang='lat' dir='ltr'><strong>aliis</strong></span> <span class='ocrx_word' id='word_1_180' title='bbox 349 2777 527 2838; x_wconf 89' lang='lat' dir='ltr'><strong>nationibus</strong></span> <span class='ocrx_word' id='word_1_181' title='bbox 542 2783 573 2841; x_wconf 87' lang='lat' dir='ltr'><strong>et</strong></span> <span class='ocrx_word' id='word_1_182' title='bbox 594 2782 770 2858; x_wconf 75' lang='lat' dir='ltr'><strong>praesertim</strong></span> <span class='ocrx_word' id='word_1_183' title='bbox 789 2782 822 2842; x_wconf 91' lang='lat' dir='ltr'><strong>in</strong></span> <span class='ocrx_word' id='word_1_184' title='bbox 844 2785 986 2845; x_wconf 82' lang='lat' dir='ltr'><strong>Romana</strong></span> <span class='ocrx_word' id='word_1_185' title='bbox 1004 2801 1097 2862; x_wconf 88' lang='lat' dir='ltr'><strong>repu-</strong></span> 
     </span>
     <span class='ocr_line' id='line_1_28' title="bbox 167 2872 1096 2957; baseline 0.01 -25"><span class='ocrx_word' id='word_1_186' title='bbox 167 2872 259 2950; x_wconf 89' lang='lat' dir='ltr'><strong>blica,</strong></span> <span class='ocrx_word' id='word_1_187' title='bbox 277 2872 352 2953; x_wconf 89' lang='lat' dir='ltr'><strong>quid</strong></span> <span class='ocrx_word' id='word_1_188' title='bbox 366 2874 535 2934; x_wconf 85' lang='lat' dir='ltr'><strong>auctoritas</strong></span> <span class='ocrx_word' id='word_1_189' title='bbox 549 2875 676 2952; x_wconf 93' lang='lat' dir='ltr'><strong>publica</strong></span> <span class='ocrx_word' id='word_1_190' title='bbox 690 2875 786 2936; x_wconf 80' lang='lat' dir='ltr'><strong>edixit</strong></span> <span class='ocrx_word' id='word_1_191' title='bbox 804 2895 860 2957; x_wconf 90' lang='lat' dir='ltr'><strong>pro</strong></span> <span class='ocrx_word' id='word_1_192' title='bbox 880 2878 1096 2941; x_wconf 90' lang='lat' dir='ltr'><strong>moderamine</strong></span> 
     </span>
     <span class='ocr_line' id='line_1_29' title="bbox 166 2970 1096 3037; baseline 0.008 -7"><span class='ocrx_word' id='word_1_193' title='bbox 166 2970 395 3032; x_wconf 78' lang='lat' dir='ltr'><strong>connubiorum</strong></span> <span class='ocrx_word' id='word_1_194' title='bbox 410 2971 529 3032; x_wconf 88' lang='lat' dir='ltr'><strong>cunctis</strong></span> <span class='ocrx_word' id='word_1_195' title='bbox 544 2975 653 3033; x_wconf 89' lang='lat' dir='ltr'><strong>notum</strong></span> <span class='ocrx_word' id='word_1_196' title='bbox 667 2976 725 3035; x_wconf 84' lang='lat' dir='ltr'><strong>est.</strong></span> <span class='ocrx_word' id='word_1_197' title='bbox 742 2974 810 3033; x_wconf 92' lang='lat' dir='ltr'><strong>Non</strong></span> <span class='ocrx_word' id='word_1_198' title='bbox 826 2974 940 3036; x_wconf 88' lang='lat' dir='ltr'><strong>detinic</strong></span> <span class='ocrx_word' id='word_1_199' title='bbox 956 2974 1007 3035; x_wconf 90' lang='lat' dir='ltr'><strong>hic</strong></span> <span class='ocrx_word' id='word_1_200' title='bbox 1027 2977 1096 3037; x_wconf 91' lang='lat' dir='ltr'><strong>inu-</strong></span> 
     </span>
     <span class='ocr_line' id='line_1_30' title="bbox 165 3065 1096 3149; baseline 0.009 -23"><span class='ocrx_word' id='word_1_201' title='bbox 165 3066 261 3127; x_wconf 88' lang='lat' dir='ltr'><strong>tiliter</strong></span> <span class='ocrx_word' id='word_1_202' title='bbox 275 3084 354 3146; x_wconf 87' lang='lat' dir='ltr'><strong>quos</strong></span> <span class='ocrx_word' id='word_1_203' title='bbox 368 3065 482 3126; x_wconf 86' lang='lat' dir='ltr'><strong>limites</strong></span> <span class='ocrx_word' id='word_1_204' title='bbox 496 3065 614 3127; x_wconf 89' lang='lat' dir='ltr'><strong>habere</strong></span> <span class='ocrx_word' id='word_1_205' title='bbox 628 3068 766 3146; x_wconf 88' lang='lat' dir='ltr'><strong>potuerit</strong></span> <span class='ocrx_word' id='word_1_206' title='bbox 787 3069 968 3149; x_wconf 85' lang='lat' dir='ltr'><strong>hujusmodi</strong></span> <span class='ocrx_word' id='word_1_207' title='bbox 989 3077 1096 3134; x_wconf 88' lang='lat' dir='ltr'><strong>aucto-</strong></span> 
     </span>
     <span class='ocr_line' id='line_1_31' title="bbox 165 3159 1099 3244; baseline 0.011 -26"><span class='ocrx_word' id='word_1_208' title='bbox 165 3159 242 3220; x_wconf 88' lang='lat' dir='ltr'><strong>ritas</strong></span> <span class='ocrx_word' id='word_1_209' title='bbox 266 3161 381 3222; x_wconf 93' lang='lat' dir='ltr'><strong>bacin</strong></span> <span class='ocrx_word' id='word_1_210' title='bbox 404 3180 458 3236; x_wconf 82' lang='lat' dir='ltr'><strong>rc3</strong></span> <span class='ocrx_word' id='word_1_211' title='bbox 489 3179 547 3224; x_wconf 92' lang='lat' dir='ltr'><strong>nec</strong></span> <span class='ocrx_word' id='word_1_212' title='bbox 573 3163 705 3241; x_wconf 90' lang='lat' dir='ltr'><strong>proinde</strong></span> <span class='ocrx_word' id='word_1_213' title='bbox 728 3166 869 3244; x_wconf 89' lang='lat' dir='ltr'><strong>approbo</strong></span> <span class='ocrx_word' id='word_1_214' title='bbox 893 3184 1040 3227; x_wconf 81' lang='lat' dir='ltr'><strong>excessus</strong></span> <span class='ocrx_word' id='word_1_215' title='bbox 1065 3171 1099 3229; x_wconf 92' lang='lat' dir='ltr'><strong>et</strong></span> 
     </span>
    </p>
   </div>
   <div class='ocr_carea' id='block_1_3' title="bbox 139 3253 1098 3526">
    <p class='ocr_par' dir='ltr' id='par_1_6' title="bbox 139 3253 1098 3526">
     <span class='ocr_line' id='line_1_32' title="bbox 139 3253 1098 3341; baseline 0.014 -28"><span class='ocrx_word' id='word_1_216' title='bbox 139 3262 141 3266; x_wconf 83' lang='grc'><strong>’</strong></span> <span class='ocrx_word' id='word_1_217' title='bbox 166 3253 282 3315; x_wconf 88' lang='lat' dir='ltr'><strong>abusus</strong></span> <span class='ocrx_word' id='word_1_218' title='bbox 296 3258 328 3316; x_wconf 93' lang='lat' dir='ltr'><strong>in</strong></span> <span class='ocrx_word' id='word_1_219' title='bbox 344 3276 422 3336; x_wconf 87' lang='lat' dir='ltr'><strong>quos</strong></span> <span class='ocrx_word' id='word_1_220' title='bbox 437 3259 534 3332; x_wconf 78' lang='lat' dir='ltr'><strong>ciuilis</strong></span> <span class='ocrx_word' id='word_1_221' title='bbox 549 3261 716 3322; x_wconf 86' lang='lat' dir='ltr'><strong>auctoritas</strong></span> <span class='ocrx_word' id='word_1_222' title='bbox 730 3262 820 3341; x_wconf 88' lang='lat' dir='ltr'><strong>lapsa</strong></span> <span class='ocrx_word' id='word_1_223' title='bbox 834 3259 883 3325; x_wconf 51' lang='lat' dir='ltr'><strong>sit,</strong></span> <span class='ocrx_word' id='word_1_224' title='bbox 906 3265 1033 3324; x_wconf 86' lang='lat' dir='ltr'><strong>Certum</strong></span> <span class='ocrx_word' id='word_1_225' title='bbox 1048 3268 1098 3326; x_wconf 87' lang='lat' dir='ltr'><strong>est</strong></span> 
     </span>
     <span class='ocr_line' id='line_1_33' title="bbox 166 3350 1097 3436; baseline 0.015 -29"><span class='ocrx_word' id='word_1_226' title='bbox 166 3350 248 3426; x_wconf 90' lang='lat' dir='ltr'><strong>quod</strong></span> <span class='ocrx_word' id='word_1_227' title='bbox 265 3352 368 3428; x_wconf 90' lang='lat' dir='ltr'><strong>ipsum</strong></span> <span class='ocrx_word' id='word_1_228' title='bbox 382 3353 499 3416; x_wconf 85' lang='lat' dir='ltr'><strong>factum</strong></span> <span class='ocrx_word' id='word_1_229' title='bbox 513 3372 569 3416; x_wconf 88' lang='lat' dir='ltr'><strong>nos</strong></span> <span class='ocrx_word' id='word_1_230' title='bbox 585 3355 686 3434; x_wconf 90' lang='lat' dir='ltr'><strong>docet,</strong></span> <span class='ocrx_word' id='word_1_231' title='bbox 703 3357 788 3436; x_wconf 89' lang='lat' dir='ltr'><strong>quod</strong></span> <span class='ocrx_word' id='word_1_232' title='bbox 807 3359 860 3419; x_wconf 92' lang='lat' dir='ltr'><strong>ubi</strong></span> <span class='ocrx_word' id='word_1_233' title='bbox 880 3359 942 3419; x_wconf 90' lang='lat' dir='ltr'><strong>alia</strong></span> <span class='ocrx_word' id='word_1_234' title='bbox 960 3359 1097 3420; x_wconf 89' lang='lat' dir='ltr'><strong>auctori-</strong></span> 
     </span>
     <span class='ocr_line' id='line_1_34' title="bbox 165 3443 1097 3526; baseline 0.015 -26"><span class='ocrx_word' id='word_1_235' title='bbox 165 3447 213 3502; x_wconf 87' lang='lat' dir='ltr'><strong>tas</strong></span> <span class='ocrx_word' id='word_1_236' title='bbox 235 3443 268 3500; x_wconf 89' lang='lat' dir='ltr'><strong>in</strong></span> <span class='ocrx_word' id='word_1_237' title='bbox 290 3445 394 3519; x_wconf 90' lang='lat' dir='ltr'><strong>specie</strong></span> <span class='ocrx_word' id='word_1_238' title='bbox 418 3448 586 3510; x_wconf 87' lang='lat' dir='ltr'><strong>constituta</strong></span> <span class='ocrx_word' id='word_1_239' title='bbox 603 3467 666 3510; x_wconf 92' lang='lat' dir='ltr'><strong>non</strong></span> <span class='ocrx_word' id='word_1_240' title='bbox 684 3451 738 3526; x_wconf 89' lang='lat' dir='ltr'><strong>sit,</strong></span> <span class='ocrx_word' id='word_1_241' title='bbox 759 3451 876 3515; x_wconf 88' lang='lat' dir='ltr'><strong>dehent</strong></span> <span class='ocrx_word' id='word_1_242' title='bbox 893 3452 1097 3518; x_wconf 89' lang='lat' dir='ltr'><strong>matrimonia</strong></span> 
     </span>
    </p>
   </div>
   <div class='ocr_carea' id='block_1_4' title="bbox 0 0 1256 4024">
    <p class='ocr_par' dir='ltr' id='par_1_7' title="bbox 0 0 1256 4024">
     <span class='ocr_line' id='line_1_35' title="bbox 0 0 1256 4024; baseline 0 2"><span class='ocrx_word' id='word_1_243' title='bbox 0 0 1256 4024; x_wconf 95' lang='lat' dir='ltr'><strong> </strong></span> 
     </span>
    </p>
   </div>
  </div>
 </body>
</html>
