2504 4024
373 278 412 322 uu
433 277 561 324 cornero
581 279 663 326 surus
685 280 839 328 canonici.
1012 269 1068 330 105

141 424 179 484 de
193 423 340 503 episcopo
356 421 546 484 dioecesano.
563 422 596 486 Si
611 441 701 485 secus
722 423 840 486 factum
860 425 963 503 fuerit,
985 427 1070 487 ordi-

140 538 218 580 nans
232 539 251 580 a
264 518 433 580 collatione
448 518 595 580 ordinum
614 537 673 598 per
692 537 821 596 annum,
845 521 1006 583 ordinatus
1028 524 1068 584 ab

141 618 286 679 exercitio
301 614 449 678 ordinum
463 619 684 696 susceptorum
702 616 806 695 quoad
826 617 982 680 ordinario
1001 620 1071 698 pla-

140 714 247 789 cuerit,
272 714 342 790 ipso
365 712 448 774 facto
472 711 677 791 suspenditur
699 711 798 791 (Trid.
822 715 858 790 8,
883 716 933 775 23.
958 713 997 774 de
1019 734 1070 776 re-

140 809 255 887 form).
274 807 338 870 Sed
351 807 466 887 poterit
479 806 559 868 alius
581 807 744 885 episcopus
765 807 922 886 ordinare,
939 808 965 868 si
980 809 1070 870 cleri-

141 924 193 966 cus
206 905 349 966 obtineat
366 904 487 965 litteras
511 902 704 964 dimissorias
727 903 777 963 vel
800 905 1069 966 commendatitias

140 999 278 1061 adhunc
292 999 438 1060 effectum
454 1017 461 1059 :
479 998 534 1058 sed
549 998 715 1085 episcopus
730 999 783 1079 qui
798 1017 851 1059 eas
870 999 992 1078 recipit,
1015 999 1070 1060 de·

140 1096 193 1157 bet
204 1113 318 1158 cavere
334 1098 368 1156 ut
381 1094 426 1156 ibi
439 1094 590 1170 conferat,
611 1094 665 1155 uhi
684 1094 777 1156 datur
795 1093 823 1155 ei
844 1094 1069 1172 pontificalium

140 1209 220 1252 usus.

179 1285 210 1347 Si
224 1301 329 1346 sermo
343 1283 384 1344 sit
398 1283 437 1344 de
450 1282 650 1362 regularibus
665 1281 858 1354 ordinandis,
869 1282 902 1342 hi
916 1282 1070 1360 recipiunt

141 1380 331 1442 dimissorias
354 1398 375 1441 a
396 1397 453 1440 suo
474 1373 656 1457 superiore;
682 1378 738 1438 sad
760 1377 855 1440 debet
875 1377 1069 1438 ordinandus

139 1478 217 1538 mitti
230 1476 273 1536 ad
288 1474 469 1553 episcopum
484 1472 715 1546 dioecesanum
734 1472 854 1552 quodsi
865 1472 1067 1547 sedesvaeat‚

140 1571 187 1631 vel
201 1568 285 1630 absit
300 1568 476 1648 episeopus,
493 1567 543 1628 vel
562 1565 792 1628 ordinationem
809 1584 872 1628 uon
890 1566 1016 1641 habeat,
1039 1568 1072 1626 ct

138 1665 171 1725 id
183 1667 239 1725 liat
259 1663 327 1724 sine
348 1662 471 1738 fraude,
495 1665 527 1722 et
548 1679 611 1722 uon
632 1680 672 1722 ex
691 1661 843 1722 industria
866 1662 1072 1741 (quapropter

139 1761 309 1840 requiritur
322 1757 539 1820 authenticum
552 1757 766 1818 testimonium
779 1757 887 1819 vicarii
901 1756 1067 1837 generalis,

139 1858 187 1918 vel
201 1854 393 1931 cancellarii,
410 1853 460 1916 vel
474 1853 635 1915 secretarii
649 1853 787 1933 episcopi
801 1852 996 1931 dioecesaui)‚
1013 1870 1071 1930 po-

27 1967 28 2006 ῑ
139 1954 209 2016 terit
223 1952 266 2014 ad
281 1949 423 2031 quemvis
433 1945 617 2029 episcopum
626 1948 707 2010 mitti
717 1947 922 2010 ordinandus.
936 1947 968 2009 Si
979 1965 1069 2008 saeue

139 2052 256 2112 laetum
273 2048 378 2122 fucrit,
401 2047 551 2108 ordinans
571 2045 681 2107 incidit
700 2044 733 2105 iu
755 2063 866 2124 poenas
885 2061 996 2106 eorum
1016 2042 1070 2123 qui

139 2148 276 2209 alienum
290 2144 451 2206 subditum
465 2143 532 2203 sine
547 2141 731 2203 dimissoriis
746 2142 968 2204 ordinaverint.

280 2271 326 2318 111.
341 2281 369 2314 ur
386 2280 445 2316 nouo
460 2280 503 2319 auo
518 2279 627 2314 accareu
641 2279 670 2313 nu
685 2277 783 2312 caninas
799 2275 920 2310 nuurrrrr.

178 2364 215 2423 X.
243 2359 457 2422 Ministrorum
477 2356 760 2418 aeclesiasticorum
786 2351 996 2432 inauguratio,
1028 2353 1070 2414 si-

141 2457 268 2538 quidem
281 2455 323 2516 ab
337 2454 374 2514 iis
389 2452 514 2532 publica
528 2455 560 2512 et
573 2452 698 2530 privata
710 2449 869 2512 societatis
890 2446 1069 2508 christianae

141 2552 255 2615 utilitas
268 2549 436 2630 dependet,
449 2565 500 2610 res
514 2550 562 2609 est
575 2546 690 2606 summi
703 2544 853 2606 momenti
863 2544 897 2605 in
908 2543 1070 2608 ecclesias-

140 2647 200 2708 tica
213 2644 379 2723 disciplina
395 2663 402 2705 :
418 2642 493 2702 iude
507 2641 599 2720 plura
613 2642 729 2702 statuta
742 2640 816 2701 sunt
826 2656 896 2719 quae
911 2636 1071 2718 pertinent

142 2745 171 2802 1ο
190 2741 231 2803 ad
253 2759 291 2800 aa
306 2757 375 2821 quae
396 2737 543 2800 ordinum
564 2735 728 2799 collationi
743 2734 964 2815 praemittenda
983 2738 1066 2808 sunt,

141 2843 170 2900 2⁰
185 2838 225 2900 ad
236 2856 275 2899 ea
290 2853 359 2917 quae
374 2836 407 2896 in
422 2851 554 2896 ascensu
568 2836 600 2895 st
612 2833 809 2913 promotione
821 2831 861 2892 ad
872 2830 1069 2893 sublimiores

142 2933 266 2994 ordines
280 2928 436 2993 servanda
449 2933 533 3005 suut,
549 2929 581 2988 3⁰
595 2927 635 2987 ad
650 2925 756 3002 ritum,
772 2929 907 3004 tempus,
920 2923 1069 2984 stlocum

142 3046 201 3108 quo
212 3025 367 3088 ordinatio
379 3024 490 3103 peragi
500 3022 623 3084 debeat.
634 3025 708 3085 Haec
719 3020 825 3082 omnia
834 3016 1068 3097 comprehendo

142 3123 196 3186 sub
210 3120 301 3185 titulo
314 3119 480 3201 praesentis
493 3117 646 3180 lectionis.

182 3251 202 3295 l.
214 3249 369 3294 Praemltteuda
381 3264 387 3291 ι
400 3251 426 3294 lo
437 3248 541 3293 nonnulla
553 3248 580 3291 ab
593 3246 701 3301 Μαίη
715 3248 741 3288 20
752 3243 855 3290 nonnulla
867 3243 894 3287 ab
907 3242 1019 3299 episcopm

445 3323 470 3362 3⁰
480 3317 584 3362 nonnulla
596 3318 622 3362 ab
634 3316 762 3360 ordinando.

109 3453 111 3460 .
180 3406 210 3463 l⁰
223 3401 273 3464 Ab
286 3399 432 3464 Ecclesia.
455 3433 496 3448 -
516 3399 677 3480 lejunium
700 3418 706 3458 :
730 3396 781 3458 bic
802 3399 851 3458 est
870 3395 984 3458 modus
1006 3415 1067 3477 quo

142 3497 280 3560 Ecclesia
294 3496 533 3580 solemnioribus
547 3495 645 3572 lestis,
661 3493 895 3558 imminentibus
908 3492 1065 3572 perieulis,
