<?xml version="1.0" encoding="UTF-8"?>
<!DOCTYPE html PUBLIC "-//W3C//DTD XHTML 1.0 Transitional//EN"
    "http://www.w3.org/TR/xhtml1/DTD/xhtml1-transitional.dtd">
<html xmlns="http://www.w3.org/1999/xhtml" xml:lang="en" lang="en">
 <head>
  <title>
</title>
<meta http-equiv="Content-Type" content="text/html;charset=utf-8" />
  <meta name='ocr-system' content='tesseract 3.04.00' />
  <meta name='ocr-capabilities' content='ocr_page ocr_carea ocr_par ocr_line ocrx_word'/>
</head>
<body>
  <div class='ocr_page' id='page_1' title='image "./institutionesju00marigoog_0257.png"; bbox 0 0 2548 4020; ppageno 0'>
   <div class='ocr_carea' id='block_1_1' title="bbox 164 305 881 363">
    <p class='ocr_par' dir='ltr' id='par_1_1' title="bbox 164 305 881 363">
     <span class='ocr_line' id='line_1_1' title="bbox 164 305 881 363; baseline -0.018 1"><span class='ocrx_word' id='word_1_1' title='bbox 164 305 222 363; x_wconf 68' lang='lat'>250</span> <span class='ocrx_word' id='word_1_2' title='bbox 369 308 598 358; x_wconf 83' lang='lat' dir='ltr'>rnsmrurronas</span> <span class='ocrx_word' id='word_1_3' title='bbox 619 305 702 352; x_wconf 81' lang='lat' dir='ltr'>rums</span> <span class='ocrx_word' id='word_1_4' title='bbox 725 305 881 351; x_wconf 73' lang='lat' dir='ltr'>canonica</span> 
     </span>
    </p>
   </div>
   <div class='ocr_carea' id='block_1_2' title="bbox 329 455 925 508">
    <p class='ocr_par' dir='ltr' id='par_1_2' title="bbox 329 455 925 508">
     <span class='ocr_line' id='line_1_2' title="bbox 329 455 925 508; baseline -0.013 -9"><span class='ocrx_word' id='word_1_5' title='bbox 329 461 342 508; x_wconf 65' lang='grc'>5</span> <span class='ocrx_word' id='word_1_6' title='bbox 357 455 377 498; x_wconf 79' lang='lat' dir='ltr'>I·</span> <span class='ocrx_word' id='word_1_7' title='bbox 392 467 420 498; x_wconf 69' lang='lat' dir='ltr'>DE</span> <span class='ocrx_word' id='word_1_8' title='bbox 435 462 585 497; x_wconf 68' lang='lat' dir='ltr'>sartuwssulo</span> <span class='ocrx_word' id='word_1_9' title='bbox 600 459 758 494; x_wconf 72' lang='lat' dir='ltr'>annulatam</span> <span class='ocrx_word' id='word_1_10' title='bbox 773 459 925 493; x_wconf 66' lang='lat' dir='ltr'>sacramanto</span> 
     </span>
    </p>
   </div>
   <div class='ocr_carea' id='block_1_3' title="bbox 164 559 1095 838">
    <p class='ocr_par' dir='ltr' id='par_1_3' title="bbox 164 559 1095 838">
     <span class='ocr_line' id='line_1_3' title="bbox 205 559 1094 638; baseline -0.009 -12"><span class='ocrx_word' id='word_1_11' title='bbox 205 565 282 628; x_wconf 87' lang='lat' dir='ltr'>VIII.</span> <span class='ocrx_word' id='word_1_12' title='bbox 297 563 417 626; x_wconf 80' lang='lat' dir='ltr'>Placuit</span> <span class='ocrx_word' id='word_1_13' title='bbox 430 561 549 623; x_wconf 87' lang='lat' dir='ltr'>Christo</span> <span class='ocrx_word' id='word_1_14' title='bbox 571 560 721 622; x_wconf 88' lang='lat' dir='ltr'>Salvatori</span> <span class='ocrx_word' id='word_1_15' title='bbox 743 565 848 620; x_wconf 91' lang='lat' dir='ltr'>nostro</span> <span class='ocrx_word' id='word_1_16' title='bbox 870 559 951 620; x_wconf 91' lang='lat' dir='ltr'>inter</span> <span class='ocrx_word' id='word_1_17' title='bbox 973 565 1094 638; x_wconf 77' lang='lat' dir='ltr'><strong>septem</strong></span> 
     </span>
     <span class='ocr_line' id='line_1_4' title="bbox 164 656 1095 735; baseline -0.014 -8"><span class='ocrx_word' id='word_1_18' title='bbox 164 669 359 726; x_wconf 87' lang='lat' dir='ltr'>sacramenta</span> <span class='ocrx_word' id='word_1_19' title='bbox 387 677 484 720; x_wconf 88' lang='lat' dir='ltr'>unum</span> <span class='ocrx_word' id='word_1_20' title='bbox 513 659 673 720; x_wconf 89' lang='lat' dir='ltr'>instituere</span> <span class='ocrx_word' id='word_1_21' title='bbox 707 658 847 718; x_wconf 89' lang='lat' dir='ltr'>omnium</span> <span class='ocrx_word' id='word_1_22' title='bbox 875 656 1095 735; x_wconf 86' lang='lat' dir='ltr'>praestantissi-</span> 
     </span>
     <span class='ocr_line' id='line_1_5' title="bbox 164 754 1094 838; baseline -0.008 -16"><span class='ocrx_word' id='word_1_23' title='bbox 164 781 262 838; x_wconf 83' lang='lat' dir='ltr'>mum,</span> <span class='ocrx_word' id='word_1_24' title='bbox 292 761 341 822; x_wconf 93' lang='lat' dir='ltr'>cui</span> <span class='ocrx_word' id='word_1_25' title='bbox 369 777 433 819; x_wconf 89' lang='lat' dir='ltr'>non</span> <span class='ocrx_word' id='word_1_26' title='bbox 455 763 578 818; x_wconf 87' lang='lat' dir='ltr'>tantum</span> <span class='ocrx_word' id='word_1_27' title='bbox 602 754 709 835; x_wconf 84' lang='lat' dir='ltr'>gratiae</span> <span class='ocrx_word' id='word_1_28' title='bbox 732 754 1013 834; x_wconf 90' lang='lat' dir='ltr'>dispensationem,</span> <span class='ocrx_word' id='word_1_29' title='bbox 1039 755 1094 815; x_wconf 90' lang='lat' dir='ltr'>sed</span> 
     </span>
    </p>
   </div>
   <div class='ocr_carea' id='block_1_4' title="bbox 164 849 1096 1024">
    <p class='ocr_par' dir='ltr' id='par_1_4' title="bbox 164 849 1096 1024">
     <span class='ocr_line' id='line_1_6' title="bbox 164 849 1096 934; baseline -0.01 -14"><span class='ocrx_word' id='word_1_30' title='bbox 164 877 253 920; x_wconf 86' lang='lat' dir='ltr'>suam</span> <span class='ocrx_word' id='word_1_31' title='bbox 268 857 384 917; x_wconf 91' lang='lat' dir='ltr'>realem</span> <span class='ocrx_word' id='word_1_32' title='bbox 398 855 597 934; x_wconf 86' lang='lat' dir='ltr'>praesentIam</span> <span class='ocrx_word' id='word_1_33' title='bbox 612 851 759 930; x_wconf 84' lang='lat' dir='ltr'>alligavit.</span> <span class='ocrx_word' id='word_1_34' title='bbox 772 853 838 912; x_wconf 88' lang='lat' dir='ltr'>Hoc</span> <span class='ocrx_word' id='word_1_35' title='bbox 851 851 925 912; x_wconf 89' lang='lat' dir='ltr'>fecit</span> <span class='ocrx_word' id='word_1_36' title='bbox 938 851 970 910; x_wconf 92' lang='lat' dir='ltr'>in</span> <span class='ocrx_word' id='word_1_37' title='bbox 985 849 1096 911; x_wconf 90' lang='lat' dir='ltr'>ultima</span> 
     </span>
     <span class='ocr_line' id='line_1_7' title="bbox 164 941 1096 1024; baseline -0.009 -14"><span class='ocrx_word' id='word_1_38' title='bbox 164 965 255 1010; x_wconf 91' lang='lat' dir='ltr'>coena</span> <span class='ocrx_word' id='word_1_39' title='bbox 269 963 365 1024; x_wconf 86' lang='lat' dir='ltr'>quarn</span> <span class='ocrx_word' id='word_1_40' title='bbox 379 943 490 1004; x_wconf 88' lang='lat' dir='ltr'>hahuit</span> <span class='ocrx_word' id='word_1_41' title='bbox 505 960 575 1002; x_wconf 88' lang='lat' dir='ltr'>cum</span> <span class='ocrx_word' id='word_1_42' title='bbox 590 942 739 1020; x_wconf 89' lang='lat' dir='ltr'>apostolis</span> <span class='ocrx_word' id='word_1_43' title='bbox 753 942 817 1002; x_wconf 90' lang='lat' dir='ltr'>suis</span> <span class='ocrx_word' id='word_1_44' title='bbox 832 943 885 1003; x_wconf 94' lang='lat' dir='ltr'>uhi</span> <span class='ocrx_word' id='word_1_45' title='bbox 902 941 1096 1003; x_wconf 85' lang='lat' dir='ltr'>discessurus</span> 
     </span>
    </p>
   </div>
   <div class='ocr_carea' id='block_1_5' title="bbox 139 1037 1171 3613">
    <p class='ocr_par' dir='ltr' id='par_1_5' title="bbox 139 1037 1171 3613">
     <span class='ocr_line' id='line_1_8' title="bbox 164 1037 1095 1118; baseline -0.008 -13"><span class='ocrx_word' id='word_1_46' title='bbox 164 1047 203 1106; x_wconf 89' lang='lat' dir='ltr'>de</span> <span class='ocrx_word' id='word_1_47' title='bbox 219 1045 277 1102; x_wconf 90' lang='lat' dir='ltr'>hoc</span> <span class='ocrx_word' id='word_1_48' title='bbox 291 1041 409 1100; x_wconf 87' lang='lat' dir='ltr'>mundo</span> <span class='ocrx_word' id='word_1_49' title='bbox 430 1037 471 1098; x_wconf 92' lang='lat' dir='ltr'>ad</span> <span class='ocrx_word' id='word_1_50' title='bbox 491 1041 623 1116; x_wconf 89' lang='lat' dir='ltr'>patrem,</span> <span class='ocrx_word' id='word_1_51' title='bbox 645 1043 679 1098; x_wconf 91' lang='lat' dir='ltr'>ut</span> <span class='ocrx_word' id='word_1_52' title='bbox 693 1038 1010 1118; x_wconf 74' lang='lat' dir='ltr'>Ecclesia-passionis</span> <span class='ocrx_word' id='word_1_53' title='bbox 1030 1056 1095 1099; x_wconf 86' lang='lat' dir='ltr'>suae</span> 
     </span>
     <span class='ocr_line' id='line_1_9' title="bbox 163 1130 1096 1213; baseline -0.002 -15"><span class='ocrx_word' id='word_1_54' title='bbox 163 1133 347 1198; x_wconf 85' lang='lat' dir='ltr'>memoriale</span> <span class='ocrx_word' id='word_1_55' title='bbox 362 1130 517 1213; x_wconf 83' lang='lat' dir='ltr'>perenne,</span> <span class='ocrx_word' id='word_1_56' title='bbox 534 1138 697 1210; x_wconf 87' lang='lat' dir='ltr'>acceptum</span> <span class='ocrx_word' id='word_1_57' title='bbox 712 1151 824 1212; x_wconf 90' lang='lat' dir='ltr'>panem</span> <span class='ocrx_word' id='word_1_58' title='bbox 840 1140 871 1195; x_wconf 90' lang='lat' dir='ltr'>et</span> <span class='ocrx_word' id='word_1_59' title='bbox 885 1135 1008 1210; x_wconf 89' lang='lat' dir='ltr'>viuum,</span> <span class='ocrx_word' id='word_1_60' title='bbox 1026 1152 1096 1196; x_wconf 84' lang='lat' dir='ltr'>oor-</span> 
     </span>
     <span class='ocr_line' id='line_1_10' title="bbox 163 1231 1096 1315; baseline -0.002 -19"><span class='ocrx_word' id='word_1_61' title='bbox 163 1254 221 1315; x_wconf 87' lang='lat' dir='ltr'>pus</span> <span class='ocrx_word' id='word_1_62' title='bbox 237 1237 268 1296; x_wconf 91' lang='lat' dir='ltr'>et</span> <span class='ocrx_word' id='word_1_63' title='bbox 282 1233 466 1312; x_wconf 84' lang='lat' dir='ltr'>sangninem</span> <span class='ocrx_word' id='word_1_64' title='bbox 482 1231 530 1292; x_wconf 88' lang='lat' dir='ltr'>sui</span> <span class='ocrx_word' id='word_1_65' title='bbox 546 1231 647 1294; x_wconf 85' lang='lat' dir='ltr'>effecit</span> <span class='ocrx_word' id='word_1_66' title='bbox 662 1231 794 1293; x_wconf 88' lang='lat' dir='ltr'>dicendo</span> <span class='ocrx_word' id='word_1_67' title='bbox 812 1253 820 1295; x_wconf 75' lang='grc' dir='ltr'>ι</span> <span class='ocrx_word' id='word_1_68' title='bbox 838 1235 903 1294; x_wconf 91' lang='lat' dir='ltr'>Hoc</span> <span class='ocrx_word' id='word_1_69' title='bbox 919 1237 1096 1312; x_wconf 87' lang='lat' dir='ltr'>estcorpus</span> 
     </span>
     <span class='ocr_line' id='line_1_11' title="bbox 163 1328 1096 1410; baseline -0.003 -19"><span class='ocrx_word' id='word_1_70' title='bbox 163 1350 279 1404; x_wconf 87' lang='lat' dir='ltr'>meum,</span> <span class='ocrx_word' id='word_1_71' title='bbox 296 1330 347 1391; x_wconf 92' lang='lat' dir='ltr'>hic</span> <span class='ocrx_word' id='word_1_72' title='bbox 362 1331 409 1390; x_wconf 86' lang='lat' dir='ltr'>est</span> <span class='ocrx_word' id='word_1_73' title='bbox 423 1328 502 1390; x_wconf 86' lang='lat' dir='ltr'>calix</span> <span class='ocrx_word' id='word_1_74' title='bbox 513 1329 673 1410; x_wconf 84' lang='lat' dir='ltr'>sanguinis</span> <span class='ocrx_word' id='word_1_75' title='bbox 684 1329 757 1408; x_wconf 90' lang='lat' dir='ltr'>mei,</span> <span class='ocrx_word' id='word_1_76' title='bbox 770 1337 800 1391; x_wconf 87' lang='lat' dir='ltr'>et</span> <span class='ocrx_word' id='word_1_77' title='bbox 815 1329 963 1408; x_wconf 91' lang='lat' dir='ltr'>apostolis</span> <span class='ocrx_word' id='word_1_78' title='bbox 974 1348 1096 1390; x_wconf 89' lang='lat' dir='ltr'>eorum-</span> 
     </span>
     <span class='ocr_line' id='line_1_12' title="bbox 163 1416 1171 1507; baseline -0.003 -18"><span class='ocrx_word' id='word_1_79' title='bbox 163 1447 224 1507; x_wconf 85' lang='lat' dir='ltr'>que</span> <span class='ocrx_word' id='word_1_80' title='bbox 253 1429 284 1488; x_wconf 92' lang='lat' dir='ltr'>in</span> <span class='ocrx_word' id='word_1_81' title='bbox 312 1425 486 1488; x_wconf 79' lang='lat' dir='ltr'>sacerdotIo</span> <span class='ocrx_word' id='word_1_82' title='bbox 514 1416 748 1486; x_wconf 86' lang='lat' dir='ltr'>successorihus</span> <span class='ocrx_word' id='word_1_83' title='bbox 784 1429 819 1488; x_wconf 89' lang='lat' dir='ltr'>ut</span> <span class='ocrx_word' id='word_1_84' title='bbox 846 1423 928 1486; x_wconf 89' lang='lat' dir='ltr'>idem</span> <span class='ocrx_word' id='word_1_85' title='bbox 957 1425 1096 1487; x_wconf 84' lang='lat' dir='ltr'>lacerent</span> <span class='ocrx_word' id='word_1_86' title='bbox 1169 1429 1171 1433; x_wconf 81' lang='grc'><strong>’</strong></span> 
     </span>
     <span class='ocr_line' id='line_1_13' title="bbox 162 1521 1096 1603; baseline -0.004 -18"><span class='ocrx_word' id='word_1_87' title='bbox 162 1543 261 1603; x_wconf 88' lang='lat' dir='ltr'>usque</span> <span class='ocrx_word' id='word_1_88' title='bbox 277 1523 317 1584; x_wconf 90' lang='lat' dir='ltr'>ad</span> <span class='ocrx_word' id='word_1_89' title='bbox 332 1522 439 1582; x_wconf 88' lang='lat' dir='ltr'>mnndi</span> <span class='ocrx_word' id='word_1_90' title='bbox 454 1521 560 1596; x_wconf 86' lang='lat' dir='ltr'>finem,</span> <span class='ocrx_word' id='word_1_91' title='bbox 577 1521 684 1583; x_wconf 81' lang='lat' dir='ltr'>tribuit</span> <span class='ocrx_word' id='word_1_92' title='bbox 699 1524 898 1600; x_wconf 86' lang='lat' dir='ltr'>potestatem.</span> <span class='ocrx_word' id='word_1_93' title='bbox 913 1524 978 1583; x_wconf 90' lang='lat' dir='ltr'>Hac</span> <span class='ocrx_word' id='word_1_94' title='bbox 990 1540 1096 1601; x_wconf 87' lang='lat' dir='ltr'>super-</span> 
     </span>
     <span class='ocr_line' id='line_1_14' title="bbox 163 1617 1096 1697; baseline -0.004 -17"><span class='ocrx_word' id='word_1_95' title='bbox 163 1619 296 1681; x_wconf 76' lang='lat' dir='ltr'>naturali</span> <span class='ocrx_word' id='word_1_96' title='bbox 311 1618 492 1697; x_wconf 82' lang='lat' dir='ltr'>operatione</span> <span class='ocrx_word' id='word_1_97' title='bbox 508 1634 601 1694; x_wconf 87' lang='lat' dir='ltr'>quam</span> <span class='ocrx_word' id='word_1_98' title='bbox 617 1617 757 1678; x_wconf 79' lang='lat' dir='ltr'>Ecclesia</span> <span class='ocrx_word' id='word_1_99' title='bbox 768 1618 921 1680; x_wconf 86' lang='lat' dir='ltr'>catholica</span> <span class='ocrx_word' id='word_1_100' title='bbox 935 1619 1096 1680; x_wconf 90' lang='lat' dir='ltr'>transubs-</span> 
     </span>
     <span class='ocr_line' id='line_1_15' title="bbox 162 1713 1096 1794; baseline -0.002 -18"><span class='ocrx_word' id='word_1_101' title='bbox 162 1715 377 1776; x_wconf 88' lang='lat' dir='ltr'>tantiationem</span> <span class='ocrx_word' id='word_1_102' title='bbox 392 1717 484 1776; x_wconf 85' lang='lat' dir='ltr'>vocat</span> <span class='ocrx_word' id='word_1_103' title='bbox 497 1713 532 1772; x_wconf 86' lang='lat' dir='ltr'>fit</span> <span class='ocrx_word' id='word_1_104' title='bbox 547 1718 581 1773; x_wconf 92' lang='lat' dir='ltr'>nt</span> <span class='ocrx_word' id='word_1_105' title='bbox 594 1716 658 1774; x_wconf 91' lang='lat' dir='ltr'>tota</span> <span class='ocrx_word' id='word_1_106' title='bbox 673 1713 847 1776; x_wconf 88' lang='lat' dir='ltr'>substantia</span> <span class='ocrx_word' id='word_1_107' title='bbox 861 1715 951 1794; x_wconf 90' lang='lat' dir='ltr'>panis</span> <span class='ocrx_word' id='word_1_108' title='bbox 966 1732 1096 1776; x_wconf 87' lang='lat' dir='ltr'>conver-</span> 
     </span>
     <span class='ocr_line' id='line_1_16' title="bbox 163 1803 1100 1887; baseline 0.001 -21"><span class='ocrx_word' id='word_1_109' title='bbox 163 1811 245 1867; x_wconf 90' lang='lat' dir='ltr'>tatur</span> <span class='ocrx_word' id='word_1_110' title='bbox 258 1806 289 1864; x_wconf 89' lang='lat' dir='ltr'>in</span> <span class='ocrx_word' id='word_1_111' title='bbox 304 1821 428 1884; x_wconf 79' lang='lat' dir='ltr'>corpus,</span> <span class='ocrx_word' id='word_1_112' title='bbox 446 1806 477 1865; x_wconf 90' lang='lat' dir='ltr'>et</span> <span class='ocrx_word' id='word_1_113' title='bbox 490 1810 555 1865; x_wconf 90' lang='lat' dir='ltr'>tota</span> <span class='ocrx_word' id='word_1_114' title='bbox 578 1805 751 1868; x_wconf 86' lang='lat' dir='ltr'>substantie</span> <span class='ocrx_word' id='word_1_115' title='bbox 770 1807 835 1868; x_wconf 87' lang='lat' dir='ltr'>vini</span> <span class='ocrx_word' id='word_1_116' title='bbox 856 1807 887 1866; x_wconf 94' lang='lat' dir='ltr'>in</span> <span class='ocrx_word' id='word_1_117' title='bbox 910 1803 1100 1887; x_wconf 82' lang='lat' dir='ltr'>sanguinem·</span> 
     </span>
     <span class='ocr_line' id='line_1_17' title="bbox 163 1898 1096 1982; baseline 0.002 -20"><span class='ocrx_word' id='word_1_118' title='bbox 163 1900 286 1962; x_wconf 87' lang='lat' dir='ltr'>Domini</span> <span class='ocrx_word' id='word_1_119' title='bbox 300 1898 399 1961; x_wconf 89' lang='lat' dir='ltr'>nostri</span> <span class='ocrx_word' id='word_1_120' title='bbox 412 1901 625 1980; x_wconf 85' lang='lat' dir='ltr'>Iesu-Christi,</span> <span class='ocrx_word' id='word_1_121' title='bbox 643 1905 674 1963; x_wconf 90' lang='lat' dir='ltr'>et</span> <span class='ocrx_word' id='word_1_122' title='bbox 693 1903 738 1962; x_wconf 90' lang='lat' dir='ltr'>sio</span> <span class='ocrx_word' id='word_1_123' title='bbox 753 1920 901 1964; x_wconf 88' lang='lat' dir='ltr'>conversa</span> <span class='ocrx_word' id='word_1_124' title='bbox 917 1909 1096 1982; x_wconf 85' lang='lat' dir='ltr'>perseveret</span> 
     </span>
     <span class='ocr_line' id='line_1_18' title="bbox 164 1993 1095 2077; baseline -0.002 -19"><span class='ocrx_word' id='word_1_125' title='bbox 164 1999 263 2058; x_wconf 90' lang='lat' dir='ltr'>donec</span> <span class='ocrx_word' id='word_1_126' title='bbox 279 1996 447 2058; x_wconf 83' lang='lat' dir='ltr'>exteriores</span> <span class='ocrx_word' id='word_1_127' title='bbox 462 1997 594 2076; x_wconf 87' lang='lat' dir='ltr'>species,</span> <span class='ocrx_word' id='word_1_128' title='bbox 616 2015 672 2058; x_wconf 91' lang='lat' dir='ltr'>seu</span> <span class='ocrx_word' id='word_1_129' title='bbox 691 1993 863 2060; x_wconf 74' lang='lat' dir='ltr'>accidentia</span> <span class='ocrx_word' id='word_1_130' title='bbox 877 1999 968 2077; x_wconf 89' lang='lat' dir='ltr'>panis</span> <span class='ocrx_word' id='word_1_131' title='bbox 982 2003 1013 2061; x_wconf 91' lang='lat' dir='ltr'>et</span> <span class='ocrx_word' id='word_1_132' title='bbox 1033 1998 1095 2060; x_wconf 82' lang='lat' dir='ltr'>viui</span> 
     </span>
     <span class='ocr_line' id='line_1_19' title="bbox 163 2083 1128 2174; baseline 0.001 -19"><span class='ocrx_word' id='word_1_133' title='bbox 163 2114 225 2156; x_wconf 91' lang='lat' dir='ltr'>non</span> <span class='ocrx_word' id='word_1_134' title='bbox 246 2083 498 2174; x_wconf 90' lang='lat' dir='ltr'>corrumpuntur.</span> <span class='ocrx_word' id='word_1_135' title='bbox 526 2094 621 2155; x_wconf 87' lang='lat' dir='ltr'>Porro</span> <span class='ocrx_word' id='word_1_136' title='bbox 646 2112 718 2156; x_wconf 91' lang='lat' dir='ltr'>cum</span> <span class='ocrx_word' id='word_1_137' title='bbox 740 2095 880 2156; x_wconf 88' lang='lat' dir='ltr'>Christus</span> <span class='ocrx_word' id='word_1_138' title='bbox 905 2095 1056 2155; x_wconf 88' lang='lat' dir='ltr'>Dominus</span> <span class='ocrx_word' id='word_1_139' title='bbox 1079 2113 1097 2156; x_wconf 90' lang='lat' dir='ltr'>e</span> <span class='ocrx_word' id='word_1_140' title='bbox 1127 2125 1128 2128; x_wconf 36' lang='lat'>¹</span> 
     </span>
     <span class='ocr_line' id='line_1_20' title="bbox 164 2189 1095 2271; baseline -0.003 -19"><span class='ocrx_word' id='word_1_141' title='bbox 164 2192 295 2253; x_wconf 88' lang='lat' dir='ltr'>mortuis</span> <span class='ocrx_word' id='word_1_142' title='bbox 322 2209 509 2271; x_wconf 74' lang='lat' dir='ltr'>resurgenS‚</span> <span class='ocrx_word' id='word_1_143' title='bbox 539 2209 603 2252; x_wconf 90' lang='lat' dir='ltr'>non</span> <span class='ocrx_word' id='word_1_144' title='bbox 630 2189 782 2251; x_wconf 90' lang='lat' dir='ltr'>moriatur</span> <span class='ocrx_word' id='word_1_145' title='bbox 809 2190 945 2270; x_wconf 85' lang='lat' dir='ltr'>amphus</span> <span class='ocrx_word' id='word_1_146' title='bbox 969 2191 1009 2251; x_wconf 93' lang='lat' dir='ltr'>oh</span> <span class='ocrx_word' id='word_1_147' title='bbox 1033 2191 1095 2252; x_wconf 92' lang='lat' dir='ltr'>vim</span> 
     </span>
     <span class='ocr_line' id='line_1_21' title="bbox 164 2287 1096 2368; baseline -0.002 -20"><span class='ocrx_word' id='word_1_148' title='bbox 164 2289 314 2350; x_wconf 89' lang='lat' dir='ltr'>naturalis</span> <span class='ocrx_word' id='word_1_149' title='bbox 342 2289 484 2366; x_wconf 88' lang='lat' dir='ltr'>unionis,</span> <span class='ocrx_word' id='word_1_150' title='bbox 516 2305 579 2364; x_wconf 89' lang='lat' dir='ltr'>qua</span> <span class='ocrx_word' id='word_1_151' title='bbox 605 2289 710 2366; x_wconf 90' lang='lat' dir='ltr'>partes</span> <span class='ocrx_word' id='word_1_152' title='bbox 736 2287 847 2347; x_wconf 79' lang='lat' dir='ltr'>Christi</span> <span class='ocrx_word' id='word_1_153' title='bbox 876 2305 938 2348; x_wconf 90' lang='lat' dir='ltr'>non</span> <span class='ocrx_word' id='word_1_154' title='bbox 961 2287 1096 2368; x_wconf 85' lang='lat' dir='ltr'>amplias</span> 
     </span>
     <span class='ocr_line' id='line_1_22' title="bbox 164 2372 1096 2447; baseline -0.004 0"><span class='ocrx_word' id='word_1_155' title='bbox 164 2385 305 2447; x_wconf 90' lang='lat' dir='ltr'>morituri</span> <span class='ocrx_word' id='word_1_156' title='bbox 321 2384 503 2446; x_wconf 88' lang='lat' dir='ltr'>mirabiliter</span> <span class='ocrx_word' id='word_1_157' title='bbox 518 2372 737 2444; x_wconf 88' lang='lat' dir='ltr'>consociantur</span> <span class='ocrx_word' id='word_1_158' title='bbox 756 2382 854 2444; x_wconf 89' lang='lat' dir='ltr'>credit</span> <span class='ocrx_word' id='word_1_159' title='bbox 872 2383 1011 2444; x_wconf 84' lang='lat' dir='ltr'>Ecclesia</span> <span class='ocrx_word' id='word_1_160' title='bbox 1034 2403 1096 2445; x_wconf 89' lang='lat' dir='ltr'>una</span> 
     </span>
     <span class='ocr_line' id='line_1_23' title="bbox 164 2478 1095 2559; baseline -0.004 -17"><span class='ocrx_word' id='word_1_161' title='bbox 164 2499 236 2542; x_wconf 90' lang='lat' dir='ltr'>cum</span> <span class='ocrx_word' id='word_1_162' title='bbox 257 2499 386 2559; x_wconf 88' lang='lat' dir='ltr'>corpore</span> <span class='ocrx_word' id='word_1_163' title='bbox 410 2487 440 2540; x_wconf 89' lang='lat' dir='ltr'>et</span> <span class='ocrx_word' id='word_1_164' title='bbox 461 2479 646 2559; x_wconf 83' lang='lat' dir='ltr'>sanguinem</span> <span class='ocrx_word' id='word_1_165' title='bbox 669 2484 700 2539; x_wconf 91' lang='lat' dir='ltr'>et</span> <span class='ocrx_word' id='word_1_166' title='bbox 722 2478 866 2538; x_wconf 90' lang='lat' dir='ltr'>animam·</span> <span class='ocrx_word' id='word_1_167' title='bbox 885 2486 915 2541; x_wconf 91' lang='lat' dir='ltr'>et</span> <span class='ocrx_word' id='word_1_168' title='bbox 938 2481 1001 2539; x_wconf 86' lang='lat' dir='ltr'>un&#39;a</span> <span class='ocrx_word' id='word_1_169' title='bbox 1024 2497 1095 2540; x_wconf 89' lang='lat' dir='ltr'>eum</span> 
     </span>
     <span class='ocr_line' id='line_1_24' title="bbox 165 2574 1096 2656; baseline -0.003 -20"><span class='ocrx_word' id='word_1_170' title='bbox 165 2577 317 2656; x_wconf 83' lang='lat' dir='ltr'>sanguine</span> <span class='ocrx_word' id='word_1_171' title='bbox 346 2593 474 2652; x_wconf 77' lang='lat' dir='ltr'>corpuS,</span> <span class='ocrx_word' id='word_1_172' title='bbox 504 2581 535 2636; x_wconf 93' lang='lat' dir='ltr'>et</span> <span class='ocrx_word' id='word_1_173' title='bbox 563 2576 699 2634; x_wconf 87' lang='lat' dir='ltr'>animam</span> <span class='ocrx_word' id='word_1_174' title='bbox 723 2574 886 2635; x_wconf 87' lang='lat' dir='ltr'>contineri.</span> <span class='ocrx_word' id='word_1_175' title='bbox 912 2575 1096 2635; x_wconf 85' lang='lat' dir='ltr'>Humanitas</span> 
     </span>
     <span class='ocr_line' id='line_1_25' title="bbox 164 2668 1097 2748; baseline -0.001 -17"><span class='ocrx_word' id='word_1_176' title='bbox 164 2672 270 2731; x_wconf 88' lang='lat' dir='ltr'>autem</span> <span class='ocrx_word' id='word_1_177' title='bbox 285 2669 396 2730; x_wconf 86' lang='lat' dir='ltr'>Christi</span> <span class='ocrx_word' id='word_1_178' title='bbox 411 2687 474 2729; x_wconf 88' lang='lat' dir='ltr'>non</span> <span class='ocrx_word' id='word_1_179' title='bbox 490 2668 585 2731; x_wconf 89' lang='lat' dir='ltr'>hahet</span> <span class='ocrx_word' id='word_1_180' title='bbox 598 2669 853 2748; x_wconf 80' lang='lat' dir='ltr'>personaIItatem</span> <span class='ocrx_word' id='word_1_181' title='bbox 874 2675 905 2731; x_wconf 90' lang='lat' dir='ltr'>et</span> <span class='ocrx_word' id='word_1_182' title='bbox 928 2670 1097 2733; x_wconf 88' lang='lat' dir='ltr'>subsisten-</span> 
     </span>
     <span class='ocr_line' id='line_1_26' title="bbox 165 2763 1096 2846; baseline 0 -19"><span class='ocrx_word' id='word_1_183' title='bbox 165 2767 240 2828; x_wconf 87' lang='lat' dir='ltr'>tiam</span> <span class='ocrx_word' id='word_1_184' title='bbox 255 2763 423 2844; x_wconf 88' lang='lat' dir='ltr'>propriam‚</span> <span class='ocrx_word' id='word_1_185' title='bbox 440 2766 495 2827; x_wconf 89' lang='lat' dir='ltr'>sed</span> <span class='ocrx_word' id='word_1_186' title='bbox 510 2765 641 2827; x_wconf 89' lang='lat' dir='ltr'>aVerho</span> <span class='ocrx_word' id='word_1_187' title='bbox 652 2767 750 2826; x_wconf 89' lang='lat' dir='ltr'>semel</span> <span class='ocrx_word' id='word_1_188' title='bbox 761 2772 920 2846; x_wconf 88' lang='lat' dir='ltr'>assumpta</span> <span class='ocrx_word' id='word_1_189' title='bbox 934 2783 1096 2846; x_wconf 89' lang='lat' dir='ltr'>nunquam</span> 
     </span>
     <span class='ocr_line' id='line_1_27' title="bbox 165 2860 1097 2940; baseline -0.004 -16"><span class='ocrx_word' id='word_1_190' title='bbox 165 2862 292 2938; x_wconf 89' lang='lat' dir='ltr'>relicta,</span> <span class='ocrx_word' id='word_1_191' title='bbox 329 2877 490 2938; x_wconf 88' lang='lat' dir='ltr'>nunquam</span> <span class='ocrx_word' id='word_1_192' title='bbox 521 2861 728 2940; x_wconf 86' lang='lat' dir='ltr'>relinquenda</span> <span class='ocrx_word' id='word_1_193' title='bbox 761 2860 899 2924; x_wconf 89' lang='lat' dir='ltr'>subsistit</span> <span class='ocrx_word' id='word_1_194' title='bbox 931 2861 963 2921; x_wconf 92' lang='lat' dir='ltr'>in</span> <span class='ocrx_word' id='word_1_195' title='bbox 993 2862 1097 2924; x_wconf 84' lang='lat' dir='ltr'>diviua</span> 
     </span>
     <span class='ocr_line' id='line_1_28' title="bbox 139 2955 1094 3040; baseline -0.001 -20"><span class='ocrx_word' id='word_1_196' title='bbox 139 2977 142 2985; x_wconf 84' lang='grc'><strong><em>’</em></strong></span> <span class='ocrx_word' id='word_1_197' title='bbox 165 2958 325 3040; x_wconf 88' lang='lat' dir='ltr'>hypostasi</span> <span class='ocrx_word' id='word_1_198' title='bbox 339 2957 433 3019; x_wconf 90' lang='lat' dir='ltr'>Verhi</span> <span class='ocrx_word' id='word_1_199' title='bbox 448 2955 503 3018; x_wconf 82' lang='lat' dir='ltr'>oei</span> <span class='ocrx_word' id='word_1_200' title='bbox 518 2975 574 3018; x_wconf 90' lang='lat' dir='ltr'>seu</span> <span class='ocrx_word' id='word_1_201' title='bbox 590 2959 637 3018; x_wconf 90' lang='lat' dir='ltr'>est</span> <span class='ocrx_word' id='word_1_202' title='bbox 650 2965 763 3020; x_wconf 90' lang='lat' dir='ltr'>natura</span> <span class='ocrx_word' id='word_1_203' title='bbox 777 2958 915 3020; x_wconf 85' lang='lat' dir='ltr'>humana</span> <span class='ocrx_word' id='word_1_204' title='bbox 923 2957 1019 3020; x_wconf 86' lang='lat' dir='ltr'>Verbi</span> <span class='ocrx_word' id='word_1_205' title='bbox 1030 2959 1094 3019; x_wconf 87' lang='lat' dir='ltr'>Dei.</span> 
     </span>
     <span class='ocr_line' id='line_1_29' title="bbox 165 3053 1096 3134; baseline -0.004 -16"><span class='ocrx_word' id='word_1_206' title='bbox 165 3056 211 3118; x_wconf 88' lang='lat' dir='ltr'>Oh</span> <span class='ocrx_word' id='word_1_207' title='bbox 226 3055 319 3133; x_wconf 89' lang='lat' dir='ltr'>hujus</span> <span class='ocrx_word' id='word_1_208' title='bbox 333 3053 418 3115; x_wconf 85' lang='lat' dir='ltr'>modi</span> <span class='ocrx_word' id='word_1_209' title='bbox 432 3054 581 3114; x_wconf 90' lang='lat' dir='ltr'>unionem</span> <span class='ocrx_word' id='word_1_210' title='bbox 598 3053 827 3134; x_wconf 85' lang='lat' dir='ltr'>hypostaticam</span> <span class='ocrx_word' id='word_1_211' title='bbox 847 3053 882 3114; x_wconf 87' lang='lat' dir='ltr'>fit</span> <span class='ocrx_word' id='word_1_212' title='bbox 896 3057 934 3116; x_wconf 89' lang='lat' dir='ltr'>ut</span> <span class='ocrx_word' id='word_1_213' title='bbox 945 3072 1009 3114; x_wconf 90' lang='lat' dir='ltr'>una</span> <span class='ocrx_word' id='word_1_214' title='bbox 1027 3071 1096 3114; x_wconf 89' lang='lat' dir='ltr'>cum</span> 
     </span>
     <span class='ocr_line' id='line_1_30' title="bbox 166 3147 1097 3229; baseline -0.004 -17"><span class='ocrx_word' id='word_1_215' title='bbox 166 3151 277 3214; x_wconf 80' lang='lat' dir='ltr'>Christi</span> <span class='ocrx_word' id='word_1_216' title='bbox 292 3149 487 3212; x_wconf 89' lang='lat' dir='ltr'>humanItatc</span> <span class='ocrx_word' id='word_1_217' title='bbox 496 3153 528 3211; x_wconf 90' lang='lat' dir='ltr'>et</span> <span class='ocrx_word' id='word_1_218' title='bbox 541 3147 685 3212; x_wconf 88' lang='lat' dir='ltr'>divinitas</span> <span class='ocrx_word' id='word_1_219' title='bbox 696 3150 805 3212; x_wconf 90' lang='lat' dir='ltr'>Christi</span> <span class='ocrx_word' id='word_1_220' title='bbox 819 3149 1003 3229; x_wconf 86' lang='lat' dir='ltr'>reperiatur.</span> <span class='ocrx_word' id='word_1_221' title='bbox 1021 3149 1097 3210; x_wconf 89' lang='lat' dir='ltr'>Cum</span> 
     </span>
     <span class='ocr_line' id='line_1_31' title="bbox 166 3243 1097 3306; baseline -0.002 -2"><span class='ocrx_word' id='word_1_222' title='bbox 166 3251 271 3306; x_wconf 88' lang='lat' dir='ltr'>autem</span> <span class='ocrx_word' id='word_1_223' title='bbox 286 3243 391 3306; x_wconf 84' lang='lat' dir='ltr'>divina</span> <span class='ocrx_word' id='word_1_224' title='bbox 415 3244 526 3306; x_wconf 88' lang='lat' dir='ltr'>Christi</span> <span class='ocrx_word' id='word_1_225' title='bbox 539 3251 652 3306; x_wconf 88' lang='lat' dir='ltr'>natura</span> <span class='ocrx_word' id='word_1_226' title='bbox 673 3243 712 3305; x_wconf 89' lang='lat' dir='ltr'>sit</span> <span class='ocrx_word' id='word_1_227' title='bbox 734 3244 845 3305; x_wconf 88' lang='lat' dir='ltr'>eadem</span> <span class='ocrx_word' id='word_1_228' title='bbox 864 3244 916 3304; x_wconf 87' lang='lat' dir='ltr'>illa</span> <span class='ocrx_word' id='word_1_229' title='bbox 939 3243 1097 3304; x_wconf 85' lang='lat' dir='ltr'>individua</span> 
     </span>
     <span class='ocr_line' id='line_1_32' title="bbox 167 3342 1095 3423; baseline -0.002 -21"><span class='ocrx_word' id='word_1_230' title='bbox 167 3359 229 3402; x_wconf 91' lang='lat' dir='ltr'>una</span> <span class='ocrx_word' id='word_1_231' title='bbox 244 3361 313 3420; x_wconf 84' lang='lat' dir='ltr'>quae</span> <span class='ocrx_word' id='word_1_232' title='bbox 328 3343 454 3423; x_wconf 84' lang='lat' dir='ltr'>propria</span> <span class='ocrx_word' id='word_1_233' title='bbox 469 3346 517 3405; x_wconf 87' lang='lat' dir='ltr'>est</span> <span class='ocrx_word' id='word_1_234' title='bbox 529 3342 629 3404; x_wconf 89' lang='lat' dir='ltr'>Patris</span> <span class='ocrx_word' id='word_1_235' title='bbox 643 3344 675 3404; x_wconf 88' lang='lat' dir='ltr'>et</span> <span class='ocrx_word' id='word_1_236' title='bbox 689 3343 822 3422; x_wconf 86' lang='lat' dir='ltr'>Spiritus</span> <span class='ocrx_word' id='word_1_237' title='bbox 841 3342 941 3404; x_wconf 87' lang='lat' dir='ltr'>sancti</span> <span class='ocrx_word' id='word_1_238' title='bbox 955 3360 1011 3422; x_wconf 90' lang='lat' dir='ltr'>per</span> <span class='ocrx_word' id='word_1_239' title='bbox 1026 3359 1095 3401; x_wconf 88' lang='lat' dir='ltr'>eam</span> 
     </span>
     <span class='ocr_line' id='line_1_33' title="bbox 167 3436 1094 3517; baseline -0.004 -19"><span class='ocrx_word' id='word_1_240' title='bbox 167 3436 321 3498; x_wconf 86' lang='lat' dir='ltr'>actionem</span> <span class='ocrx_word' id='word_1_241' title='bbox 341 3455 435 3514; x_wconf 86' lang='lat' dir='ltr'>quam</span> <span class='ocrx_word' id='word_1_242' title='bbox 450 3438 589 3517; x_wconf 84' lang='lat' dir='ltr'>theologi</span> <span class='ocrx_word' id='word_1_243' title='bbox 618 3438 944 3500; x_wconf 86' lang='lat' dir='ltr'>circumiacessionem</span> <span class='ocrx_word' id='word_1_244' title='bbox 967 3441 1094 3508; x_wconf 77' lang='lat' dir='ltr'>vocant,</span> 
     </span>
     <span class='ocr_line' id='line_1_34' title="bbox 167 3530 677 3613; baseline 0.004 -21"><span class='ocrx_word' id='word_1_245' title='bbox 167 3537 233 3592; x_wconf 86' lang='lat' dir='ltr'>tota</span> <span class='ocrx_word' id='word_1_246' title='bbox 246 3530 377 3592; x_wconf 84' lang='lat' dir='ltr'>Trinitas</span> <span class='ocrx_word' id='word_1_247' title='bbox 391 3532 498 3592; x_wconf 79' lang='lat' dir='ltr'>dirius</span> <span class='ocrx_word' id='word_1_248' title='bbox 511 3532 677 3613; x_wconf 87' lang='lat' dir='ltr'>reperitur.</span> 
     </span>
    </p>
   </div>
   <div class='ocr_carea' id='block_1_6' title="bbox 0 0 1282 4020">
    <p class='ocr_par' dir='ltr' id='par_1_6' title="bbox 0 0 1282 4020">
     <span class='ocr_line' id='line_1_35' title="bbox 0 0 1282 4020; baseline 0 0"><span class='ocrx_word' id='word_1_249' title='bbox 0 0 1282 4020; x_wconf 95' lang='lat' dir='ltr'> </span> 
     </span>
    </p>
   </div>
  </div>
 </body>
</html>
