2504 4024
383 311 420 355 nn
442 311 570 359 omnmo
590 313 672 358 sums
694 311 848 360 cinomcr.
1021 303 1073 360 ltl
1143 359 1149 370 ,

148 475 302 538 pugnans,
323 456 397 518 licet
417 455 500 516 circa
520 455 622 534 prima
642 456 808 518 corollaria
828 457 1017 536 dissentiret,
1040 479 1078 522 ea

147 562 251 616 tamen
266 552 453 614 necessitate
468 570 532 632 qua
552 552 653 613 solent
673 556 813 613 extrema
831 554 922 614 facile
942 556 1024 617 inter
1044 575 1077 618 se

147 649 328 724 convenire,
344 647 557 710 immoraliteti
570 647 691 709 aditum
704 650 836 726 aperuit.

183 748 225 806 At
239 744 388 805 lloolesiae
402 743 555 824 legislatio
570 747 690 804 natura
705 744 867 804 hominum
885 743 1026 822 studens,
1046 753 1078 808 et

147 842 252 903 divina
276 841 430 901 illustrata
451 839 641 899 revelatione
661 843 828 920 utrumque
849 858 1012 902 excessum
1034 844 1077 904 vi-

147 939 222 1000 tavit
236 937 396 997 facillime.
420 935 506 998 Vidit
520 935 603 994 enim
619 936 761 996 homines
780 940 893 998 notura
912 936 952 998 ad
972 938 1064 998 matri

146 1033 287 1094 monium
301 1034 515 1110 denuntiatos,
531 1049 590 1090 nec
608 1029 702 1091 aliam
717 1030 897 1093 desiderare
912 1033 1077 1111 positivam

146 1130 329 1192 facultatem
349 1129 388 1188 ad
410 1127 660 1188 contrahendum
678 1128 923 1190 matrimonium.
944 1132 985 1191 At
1002 1149 1078 1192 vero

146 1245 206 1289 non
225 1225 302 1286 inde
320 1223 443 1303 putavit
470 1223 611 1282 homines
638 1225 763 1304 exleges
782 1243 849 1286 esse
868 1226 901 1284 in
920 1245 953 1287 re
972 1227 1078 1290 matri·

146 1321 290 1394 moniali;
309 1338 382 1381 nam
395 1321 460 1380 sive
471 1318 544 1399 jure
559 1320 704 1396 naturali,
726 1319 791 1381 sive
810 1321 942 1398 positivo
958 1322 1075 1398 divino,

147 1419 295 1498 quaedam
308 1414 578 1478 interdicebantur
596 1415 753 1495 conjugia,
771 1419 802 1478 et
816 1415 875 1477 sibi
886 1415 957 1497 jure
973 1418 1079 1481 divino

146 1533 331 1578 concessam
345 1512 543 1589 facultatem,
561 1515 595 1574 ut
609 1512 722 1573 eodem
736 1514 961 1593 impedimenta
975 1515 1080 1576 deter-

147 1612 292 1686 minaret,
309 1609 372 1670 alia
391 1609 569 1687 imponeret
589 1614 767 1687 opportuna
788 1609 829 1669 ad
851 1610 1080 1672 connubiorum

147 1706 390 1768 christianorum
404 1705 602 1766 honestatem
620 1710 652 1764 et
665 1705 864 1768 sanctitatem
878 1707 1076 1768 servandam.

185 1803 269 1882 Ergo
293 1801 430 1862 mediam
455 1802 538 1862 inter
565 1800 643 1861 duos
668 1819 815 1862 excessus
838 1804 939 1866 tenuit
961 1806 1045 1866 viam
1071 1826 1077 1865 :

147 1899 322 1978 Unicuique
344 1897 393 1958 fas
419 1900 466 1959 cst
487 1897 721 1958 matrimonium
742 1898 833 1975 inire,
856 1899 906 1960 cui
923 1899 995 1979 jure
1017 1918 1079 1961 non

147 1994 362 2074 prohibeatur.
394 1993 521 2072 Triplici
549 1998 655 2055 autem
679 1993 744 2073 juri
770 1993 948 2057 subduntur
975 1997 1080 2056 matri·

146 2091 253 2152 monia
263 2090 522 2165 Christianorum,
538 2088 685 2150 videlicet
694 2091 840 2167 naturali,
853 2090 970 2169 divino,
983 2093 1080 2153 eecle-

147 2187 272 2248 siastico
297 2205 303 2246 :
324 2203 400 2265 ergo
425 2202 463 2244 ex
485 2183 600 2263 triplici
619 2183 692 2264 jure
715 2185 926 2248 consideravit
948 2187 1081 2266 impedi-

146 2287 254 2345 menta
268 2281 309 2342 ad
323 2280 570 2342 matrimonium.

186 2381 257 2439 Non
272 2381 378 2440 sutem
393 2376 532 2438 omnium
546 2376 843 2456 impedimentorum
858 2375 1004 2438 eamdem
1017 2377 1081 2438 vim

147 2493 216 2536 esse
237 2474 386 2554 suspexit.
413 2472 607 2535 Generaliter
629 2472 777 2552 equidem
801 2473 920 2536 obtinet
943 2474 975 2535 in
994 2472 1078 2554 jure,

147 2571 234 2652 quod
261 2571 387 2632 irritum
410 2570 537 2630 omnino
559 2569 599 2632 sit
622 2569 707 2649 quod
730 2571 765 2631 fit
788 2570 857 2650 lege
880 2571 1077 2650 prohibente,

146 2667 296 2748 quodque
309 2667 343 2727 in
358 2665 505 2726 omuibus
520 2666 731 2737 contractibus
746 2672 904 2742 servatum
923 2669 997 2748 quia
1016 2668 1081 2748 pri-

147 2767 294 2825 vatorum
307 2762 451 2824 voluntas
466 2778 529 2821 nou
544 2766 591 2823 est
605 2762 738 2842 publicae
753 2763 860 2845 legum
878 2765 1030 2827 voluntati
1049 2770 1082 2824 et

147 2858 326 2920 auctoritati
362 2847 569 2937 praeferenda.
608 2858 652 2937 (L.
689 2863 719 2935 5,
750 2862 821 2924 cod.
852 2863 890 2923 de
918 2859 1080 2940 Legibus.)

147 2955 269 3014 Dantur
282 2956 389 3013 tamen
404 2970 495 3013 casus
508 2951 541 3011 in
557 2952 669 3032 quibus
685 2959 765 3030 acta,
777 2956 850 3017 licet
859 2957 968 3015 contra
977 2955 1080 3032 legem

147 3053 283 3129 patrata,
304 3052 411 3110 tamen
430 3049 528 3109 semel
548 3067 585 3110 ao
607 3049 709 3127 posita
729 3054 812 3126 sunt,
835 3049 1014 3128 reipublicae
1035 3051 1081 3109 in-

147 3145 238 3207 tersit
253 3163 316 3206 non
330 3145 440 3206 everti.
457 3144 547 3207 Unde
562 3163 625 3206 non
640 3146 863 3207 cohonestatur
882 3145 1009 3224 quidem
1029 3163 1081 3205 ac-

147 3244 198 3299 tus
212 3239 295 3299 illius
310 3239 365 3318 qui
378 3244 489 3300 contra
508 3240 612 3319 legem
632 3239 773 3320 deliquit,
797 3239 853 3299 sed
875 3238 963 3299 actus
984 3241 1079 3301 semel
1190 3255 1192 3260 ·

148 3351 186 3395 ac
201 3335 321 3414 positus
337 3338 393 3412 est,
411 3336 513 3414 alege
528 3336 597 3415 ipsa
611 3337 697 3395 ratus
713 3334 857 3412 habetur,
879 3339 911 3397 et
928 3339 1080 3416 tanquam

148 3431 273 3492 validus
288 3433 468 3495 sustinetur.

189 3528 376 3606 Exemplum
391 3528 544 3589 habemus
555 3525 627 3607 jure
642 3543 773 3590 romano
787 3528 820 3590 in
833 3528 999 3591 interdicto
1017 3547 1024 3589 :
1046 3546 1081 3588 oc
