2548 4020
169 288 226 346 196
375 295 706 344 1nsr1rurrouusrun1s
729 297 883 345 unronrcr.

207 444 382 523 Adoptatus
401 446 433 506 et
450 442 601 523 adoptata
619 463 657 504 ex
676 412 834 507 communi
854 450 1010 512 sententis
1023 469 1101 532 pos-

167 547 245 618 sent,
262 543 336 624 quia
350 542 474 622 cognati
489 543 568 604 fiunt
582 544 733 624 cognatis,
750 542 807 606 sed
823 563 886 608 non
900 546 982 611 inter
996 567 1040 612 se.

205 637 349 700 Affinitas
369 637 452 697 inter
471 636 674 716 adoptantem
693 640 726 700 et
744 657 875 730 uxorem
896 641 1048 723 adoptati,
1065 650 1103 708 et

166 732 313 811 vicissim,
332 733 449 796 dirimit
463 734 557 794 otiam
571 733 673 795 soluta
689 734 870 815 adoptione.

467 909 501 949 2⁰.
515 906 549 948 De
565 905 656 950 thrnlo
668 907 795 964 affinitatis.
853 874 855 878 Ι

207 1035 342 1098 ΧΧΧΙΙΙ.
359 1032 467 1094 Altera
481 1031 663 1110 proximitas
677 1032 794 1095 dieitur
807 1033 948 1116 affinitas,
966 1055 1037 1118 quae
1057 1057 1100 1100 ex

166 1129 442 1194 consummatione
456 1127 648 1190 matrimonii
663 1130 814 1207 nascitur,
837 1149 899 1211 qua
917 1132 953 1194 fit
971 1137 1006 1196 ut
1024 1153 1100 1196 cou-

162 1230 256 1310 juges
270 1245 334 1288 una
348 1243 422 1288 earo
437 1225 510 1288 faeti
521 1226 754 1312 communicent
767 1227 850 1289 inter
863 1246 896 1289 se
909 1233 1101 1312 consangui-

166 1327 308 1401 nitatem,
324 1326 355 1385 et
369 1323 459 1402 quasi
474 1340 555 1384 unus
569 1321 601 1382 in
615 1321 720 1383 loeum
743 1323 870 1386 atterius
891 1327 1096 1406 sustineatur,

166 1426 197 1484 et
212 1419 378 1482 contrahat
393 1419 564 1498 quamdam
582 1418 749 1498 analogam
771 1421 1002 1498 proximitatem
1024 1442 1099 1486 oum

55 1536 60 1547 ·
166 1518 294 1582 alterius
314 1516 457 1597 conjugis
472 1516 724 1596 consanguineis,
740 1518 833 1580 itaut
847 1522 1099 1598 peteretmater

166 1616 257 1676 unius
271 1614 327 1676 fiat
341 1614 430 1694 quasi
447 1620 538 1694 pater
553 1617 584 1675 et
598 1617 699 1676 mater
714 1613 861 1690 alterius3
882 1616 979 1679 frater
997 1622 1028 1680 et
1045 1637 1100 1681 so-

166 1728 218 1772 ror
232 1709 324 1770 unius
338 1711 392 1772 fiat
407 1711 503 1774 veluti
519 1727 608 1772 soror
622 1710 671 1774 vel
685 1710 782 1772 frater
796 1711 925 1774 alterius
942 1733 948 1774 :
970 1713 1024 1774 filii
1045 1715 1099 1776 vel

165 1806 236 1868 filiae
251 1807 343 1866 unius
357 1807 435 1868 fiant
448 1807 545 1868 veluti
558 1807 614 1867 filii
629 1809 661 1868 et
674 1806 745 1868 filiae
761 1806 901 1870 alterius.

205 1902 309 1963 Unum
330 1899 429 1977 euim,
454 1917 517 1961 non
540 1901 603 1962 duo
627 1903 700 1962 sunt
723 1900 884 1981 conjuges,
910 1903 941 1962 et
963 1901 1099 1980 proinde

166 1995 250 2076 quod
265 1994 304 2054 de
320 2013 381 2056 uno
397 1994 522 2071 dieitur,
539 1994 643 2073 aliquo
658 1992 752 2053 modo
768 1991 808 2054 de
823 1991 884 2054 aiio
899 1995 1001 2071 potest
1015 2011 1100 2072 prae-

166 2092 273 2154 dicari.
292 2091 355 2153 Sed
375 2091 443 2156 haer
462 2110 519 2170 per
541 2089 788 2166 similitudinem,
814 2088 860 2150 uti
882 2089 1006 2166 videtis,
1031 2107 1097 2177 nou¹

165 2207 221 2268 per
235 2188 475 2268 proprietatem
488 2190 617 2248 manent
631 2187 714 2248 euim
730 2185 799 2246 duae
815 2188 970 2265 superatae
981 2186 1100 2264 hypos-

163 2287 256 2358 tases,
272 2283 345 2343 lieet
357 2286 464 2345 tamen
479 2299 541 2342 uuo
559 2280 657 2342 animi
672 2283 703 2342 et
717 2280 857 2360 eorporis
873 2298 955 2341 nexu
970 2279 1098 2342 devino·
1158 2354 1161 2361 Ι

163 2379 289 2442 tissimae
306 2382 337 2442 et
350 2378 586 2459 inseparabiles.

204 2476 293 2539 Unde
308 2476 377 2538 haee
392 2493 474 2538 nova
494 2473 712 2555 propinquitas
733 2475 804 2536 orta
824 2472 906 2536 inter
927 2473 1099 2554 eonjugem

164 2587 261 2632 unum
275 2574 305 2632 et
319 2571 570 2652 consanguineos
584 2571 711 2632 alterius
731 2589 794 2631 non
816 2571 917 2648 potuit
937 2570 999 2633 diri
1020 2588 1099 2632 eon-

162 2665 395 2745 sanguiueitas;
412 2666 583 2746 conjugum
598 2666 681 2726 enim
700 2666 827 2746 sanguis
847 2684 910 2727 non
932 2664 1099 2728 confundi-

164 2765 224 2835 tur,
241 2777 299 2819 neo
313 2759 545 2838 reeiprooatur3
563 2761 620 2822 sed
634 2779 706 2822 eum
725 2761 852 2840 sanguis
873 2761 965 2822 unius
985 2761 1098 2839 tangat

162 2852 348 2933 sanguinem
363 2852 503 2930 alterius,
522 2859 554 2913 et
567 2851 695 2932 sanguis
711 2853 803 2914 unius
817 2853 947 2915 eooedat
961 2851 1002 2914 ad
1016 2851 1095 2912 finos

162 2952 323 3034 sanguinis
346 2950 474 3014 alterius
497 2949 538 3010 ad
560 2950 790 3012 efformandum
813 2969 927 3029 eorpus
948 2949 1033 3030 quod
1054 2949 1094 3010 de

162 3054 295 3131 utroque
309 3047 488 3129 participat,
509 3045 592 3108 dioto
607 3052 638 3106 et
651 3047 719 3108 vioe
734 3065 826 3108 verse
846 3066 853 3108 :
875 3045 1010 3109 Proinde
1029 3064 1093 3108 non
1212 3115 1215 3119 ,
1266 3053 1270 3060 “

161 3146 243 3206 filius
270 3145 368 3225 patris
388 3157 420 3206 et
441 3142 549 3206 matris
569 3141 726 3219 mulieris,
750 3141 805 3202 sed
827 3160 946 3222 genem
968 3158 1026 3203 noo
1049 3140 1094 3202 illi

160 3243 251 3319 pater
265 3245 297 3302 et
309 3243 422 3316 mater,
439 3239 495 3300 sed
510 3256 600 3300 soeer
614 3241 646 3300 et
659 3255 786 3311 soorus;
804 3253 866 3298 non
888 3236 985 3299 frater
1004 3235 1093 3297 fratri

162 3340 193 3396 et
207 3337 307 3397 sorori
320 3335 471 3412 mulieris,
488 3335 543 3398 sed
557 3333 655 3409 levir3
672 3350 734 3395 non
754 3339 845 3412 pater
864 3332 948 3411 tiliis,
971 3331 1028 3394 sed
1045 3331 1095 3393 vi-

161 3430 275 3502 trious;
291 3431 336 3492 illi
355 3431 502 3511 privigni.

201 3526 279 3586 Cum
292 3542 367 3586 vero
392 3525 631 3589 fundamentum
652 3525 811 3589 affinitatis
833 3525 873 3588 sit
892 3525 933 3586 in¹
946 3541 1092 3586 eonsum-

1267 3355 1270 3432 r
