2530 4016
370 269 408 314 nr
431 233 559 314 caruero
580 269 662 315 rums
685 269 858 316 cenorum
1011 260 1069 319 289

177 413 287 473 Plures
302 411 419 474 suntin
434 411 574 473 Ecclesia
587 429 638 472 res
660 411 810 475 ordinatae
832 413 873 473 ad
887 413 1070 476 exercitium

136 508 300 571 charitatis
313 508 347 568 in
361 525 393 569 se
408 508 511 588 ipsum
525 508 584 568 sub
602 513 737 592 utroque
755 513 911 588 respectu.
936 511 998 572 Sed
1019 531 1070 573 res

136 606 290 668 ordinatae
300 605 344 666 ad
351 603 534 666 exercitium
544 605 706 667 charitatis
718 623 787 686 quae
798 606 883 668 cadit
892 607 950 666 sub
959 608 1069 669 ordine

135 699 339 780 praeceptive,
356 717 419 760 nou
443 697 626 760 desiderant
647 699 816 778 specialem
836 701 1067 778 tractationem,

136 793 254 874 quippe
269 810 340 872 quae
355 791 536 876 coincidunt
550 807 622 853 cum
643 793 768 854 coeteris
792 792 832 854 ed
855 793 952 854 vitam
972 793 1070 854 chris·

134 890 256 950 tionem
275 887 514 968 acquirendam,
535 887 771 968 perficiendam,
793 888 1002 950 exercendam
1017 908 1071 952 ne·

137 983 293 1060 cessariis,
319 983 358 1044 de
386 983 498 1064 quibus
525 983 640 1064 partim
669 984 801 1064 egimus,
827 985 942 1063 partim
967 986 1070 1047 acturi

137 1097 257 1141 sumus.
282 1080 365 1159 Ergo
389 1083 455 1141 tcta
477 1079 622 1141 tractatio
646 1080 841 1142 convertitur
868 1080 909 1142 ad
937 1098 1069 1160 eaquae

136 1177 282 1255 spectant
295 1174 477 1236 exercitium
492 1175 681 1256 evangelica
696 1175 907 1253 perfectionis.
924 1178 999 1238 Haec
1014 1195 1071 1237 au-

136 1274 204 1332 tem
225 1273 329 1332 essent
349 1269 534 1350 multiplicia
552 1271 761 1332 instrumente
781 1269 1067 1342 mortificationum,

136 1367 264 1430 habitus
287 1369 319 1428 et
339 1370 442 1429 vestes
457 1365 689 1446 poenitentiales
711 1368 743 1427 ct
762 1365 930 1447 religiosae,
952 1367 1069 1447 regulae

135 1463 356 1543 religiosorum
365 1463 523 1542 ordinum,
533 1464 603 1526 loca
611 1461 811 1544 acquirenda
822 1462 870 1525 vel
886 1463 1069 1524 exercenda

135 1559 316 1639 perfectiori
336 1559 407 1621 vitae
423 1557 588 1621 destinata.

179 1655 240 1718 Sed
263 1673 335 1716 cum
355 1655 575 1718 tractationem
597 1655 684 1718 hanc
703 1675 739 1716 ex
759 1659 847 1735 parte
862 1656 1070 1736 praevenerim

137 1751 263 1833 agendo
277 1751 315 1812 de
330 1754 412 1813 statu
427 1752 576 1832 regulari,
588 1753 739 1815 coercebo
754 1757 942 1832 praesentem
955 1757 1069 1815 tracta·

136 1849 257 1910 tionem
271 1851 394 1910 tautum
410 1847 450 1909 ad
464 1849 542 1910 loca
549 1867 618 1929 quae
634 1849 832 1928 perfectionis
847 1853 901 1910 aut
915 1850 1068 1930 religiosae

137 1943 211 2004 vitae
226 1943 434 2006 observantia
449 1945 579 2051 patent
571 1963 602 2005 1n
618 1945 768 2037 Ecclesia,
781 1947 816 2006 ut
829 1945 932 2028 dicam
946 1944 985 2004 dc
1000 1944 1069 2005 illo·

137 2037 495 2116 rumspecicbusveriis,
510 2037 548 2098 de
558 2037 628 2116 lege
638 2017 877 2116 quainstituuut
863 2041 926 2112 tur,
938 2034 1069 2097 relaedi-

137 2135 284 2212 ficantur,
300 2134 423 2214 delego
439 2153 502 2214 qus
516 2137 658 2198 extructa
679 2133 896 2195 custodiuntur
916 2135 952 2194 ut
973 2133 1069 2191 tinem

138 2249 203 2324 suae
218 2229 420 2293 institutionis
433 2231 606 2293 obtineant.

487 2358 489 2363 Α
504 2395 525 2440 1.
540 2395 572 2440 De
583 2395 704 2451 speciebus.

179 2521 216 2584 ΙΙ.
234 2521 507 2594 Quemadmodum
520 2520 585 2582 vita
599 2519 752 2601 regularis
766 2517 825 2582 fuit
844 2516 1005 2580 eremitica
1018 2518 1068 2579 vel

140 2617 338 2694 coenobitica,
360 2618 431 2680 loca
451 2617 492 2678 ad
514 2634 584 2677 eam
605 2615 813 2677 exercendam
834 2614 991 2677 destinata
1005 2613 1069 2675 fue·

141 2716 333 2775 ruutLaurae
344 2715 395 2774 vel
406 2713 557 2790 caenobia,
573 2716 677 2774 Laura
690 2711 804 2773 dicitur
818 2711 952 2774 solitudo
963 2711 995 2771 in
1007 2727 1070 2790 qua

139 2805 245 2885 plures
260 2809 333 2868 sunt
347 2806 479 2870 diversa
494 2806 613 2868 cellulae
626 2807 659 2867 in
670 2806 784 2887 quibus
794 2806 923 2867 solitarii
932 2804 1069 2865 invicem

140 2905 274 2984 sejuncti
301 2909 423 2968 veteres
449 2906 596 2968 vivebant
622 2905 768 2967 Eremitae
798 2907 829 2966 et
856 2894 1080 2965 Anacbcritae..

140 3002 326 3063 Coenobium
349 3009 455 3065 autem
479 3007 526 3066 cst
554 3002 757 3076 domicilium,
788 2998 956 3061 aedificium
984 2994 1070 3074 quod

141 3096 304 3159 hominum
317 3097 501 3160 societatem
516 3095 799 3176 comprehenderet
817 3090 1024 3155 vivendorum
1037 3088 1069 3147 in

141 3194 310 3255 communi.
982 3215 984 3219 ·

181 3291 255 3351 Haec
279 3295 384 3350 nutem
405 3287 550 3350 coenobia
564 3285 723 3347 variarum
736 3284 864 3346 fuerunt
881 3279 1069 3360 specierum,

142 3385 173 3444 et
186 3380 281 3444 variis
294 3381 473 3444 nominibus
485 3377 635 3458 insignita
648 3381 721 3438 sunt
735 3395 791 3456 pro
807 3375 895 3438 varia
904 3370 1010 3433 indole
1024 3389 1072 3430 re-

140 3478 259 3558 ligiosae
275 3476 506 3540 communitatis
522 3493 592 3555 quae
607 3474 660 3536 illa
673 3474 841 3536 incolebat.
952 3566 966 3618 1

234 3591 299 3628 rou.
319 3591 350 3628 ιι.
867 3607 868 3612 ,
972 3569 987 3615 7
