2530 4016
407 299 446 345 ns
467 299 595 378 opsecro
614 301 696 346 rents
718 301 873 350 cruorum.
1044 293 1100 354 321

172 449 251 509 turae
266 444 429 525 Aprutitioe
442 463 512 525 quae
532 446 762 525 protenduntur
779 449 820 510 ad
835 465 943 518 omnes
957 456 1100 532 agnatos,

174 541 308 619 Gentiles,
321 559 391 620 quae
403 541 637 619 protenduntur
650 542 691 603 ad
706 561 815 606 omnes
829 546 972 624 gentiles.
987 550 1104 628 Agnati

173 639 320 700 dicuntur
334 637 559 698 descendentes
573 657 591 698 a
606 638 772 702 fundatore
786 659 844 720 per
853 646 1103 723 consanguineos

172 753 227 796 seu
241 749 392 812 personas
406 751 499 794 sexus
513 735 687 813 masculini,
698 736 780 798 etad
791 738 1103 821 unameamdemque

171 829 322 892 familiam
341 828 508 907 pertinent,
524 831 555 889 et
573 827 803 890 habentunum
816 828 965 908 idemque
985 849 1103 912 cogno-

171 947 254 990 men.
280 926 416 989 Gentiles
439 930 512 988 sunt
535 944 644 988 omnes
666 927 841 990 fundatonis
864 929 983 1008 agnati,
1007 931 1102 991 etiam

172 1023 377 1100 collaterales,
394 1041 449 1084 seu
470 1021 523 1106 qui
542 1022 777 1104 conjunguntur
790 1024 1009 1087 mediantibus
1031 1044 1104 1105 per-

171 1123 255 1186 sonis
269 1139 361 1182 sexus
375 1119 549 1202 masculini,
565 1120 621 1181 sed
636 1139 674 1181 ex
689 1120 822 1183 diversis
839 1121 930 1183 lineis
945 1123 1101 1203 originem

170 1218 301 1290 hubent3
319 1220 486 1295 propterea
499 1215 531 1276 in
546 1215 651 1294 plures
669 1215 803 1277 familias
822 1220 896 1280 sunt
916 1217 1017 1296 divisi,
1042 1237 1101 1282 nec

171 1314 289 1376 habent
303 1330 401 1374 unum
414 1312 561 1393 idemque
576 1329 764 1392 cognomen.

210 1413 277 1472 XX.
295 1411 450 1471 Gonoessa
467 1408 617 1469 'fidelihus
639 1407 785 1469 libertate
806 1406 865 1468 hac
884 1407 917 1468 in
936 1408 1045 1488 ordine
1060 1410 1100 1470 ad

171 1506 355 1568 electionem
377 1504 557 1583 sepulturae,
581 1522 619 1564 ea
639 1521 696 1582 pro
718 1502 878 1566 voluntate
893 1503 1032 1566 defuncti
1046 1505 1102 1566 de-

169 1602 366 1663 terminatur.
389 1599 478 1673 Quod
502 1600 527 1660 si
550 1597 719 1660 decesserit
740 1598 807 1660 sine
828 1599 980 1660 electione
999 1599 1100 1679 sepul-

116 1723 120 1730 ·
168 1701 259 1774 tura,
283 1713 322 1756 ea
343 1693 570 1758 determinetur
588 1713 627 1755 ex
646 1693 770 1756 theoria
790 1695 916 1771 amoris,
933 1705 995 1756 non
1010 1710 1100 1756 secus

74 1841 86 1866 ,
169 1809 206 1852 ac
229 1789 384 1850 successio
407 1789 555 1850 intestata
578 1787 682 1868 quoad
705 1788 933 1850 hereditates:
955 1787 1101 1852 videlicet

168 1885 370 1964 praesnmitur
389 1883 478 1944 illum
499 1883 634 1945 voluisse
657 1883 852 1962 sepulturam
879 1900 974 1963 quam
998 1883 1100 1964 magis

168 1979 295 2041 amavit.
312 1980 465 2040 Censetur
479 1983 585 2039 autem
606 1977 693 2038 illam
706 1977 920 2057 praedilexisse
936 1994 1032 2056 quam
1046 1977 1100 2038 ha-

167 2063 221 2139 h'et
248 2074 427 2155 propriam,
459 2075 509 2136 vel
539 2073 726 2136 familiarem
753 2073 804 2134 vel
833 2072 1021 2152 gentilitiam
1057 2074 1098 2135 ob

143 2163 145 2169 ’
168 2173 302 2253 speciale
326 2173 441 2236 amoris
464 2171 623 2234 vinculum
648 2189 714 2252 quo
734 2169 936 2250 conjungitur
963 2187 1034 2231 cum
1061 2171 1099 2232 iis

168 2269 221 2350 qui
235 2268 279 2330 ibi
293 2269 439 2332 tumulati
452 2268 502 2330 vel
515 2267 693 2330 tumulandi
707 2270 790 2329 sunt.

208 2365 242 2426 Si
264 2362 446 2444 hujusmodi
468 2364 648 2443 sepulcrum
672 2363 774 2440 desit,
787 2360 837 2424 vel
858 2359 932 2422 illuc
953 2378 1016 2425 non
1031 2361 1098 2422 sine

167 2477 282 2540 magno
311 2459 511 2521 incommodo
539 2458 655 2520 deferri
682 2459 791 2538 possit,
819 2461 964 2519 censetur
983 2457 1099 2536 proedi-

157 2555 278 2616 'lexisse
292 2555 473 2633 sepulcrum
487 2554 520 2615 in
540 2554 681 2616 Ecclesia
702 2553 754 2614 cui
773 2553 894 2616 ratione
914 2551 1008 2613 officii
1031 2570 1099 2612 ma-

163 2651 227 2732 jori
253 2650 378 2713 vinculo
403 2651 564 2714 charitatis
588 2651 647 2727 fuit
673 2650 829 2726 addictus,
860 2648 1030 2710 dummodo
1054 2649 1099 2710 ibi

165 2746 356 2827 reperiretur
369 2746 531 2825 sepultura
545 2763 602 2824 pro
611 2763 644 2806 se
653 2745 820 2810 destinata.
835 2747 883 2806 lta
893 2747 1003 2806 Roma.
1016 2746 1098 2806 Pon·

166 2843 264 2904 tifioes
279 2841 473 2921 sepeliuntur
485 2843 518 2902 in
532 2841 678 2904 vaticana
691 2840 822 2903 basilice
838 2827 907 2902 :ita
921 2839 1096 2900 cardinales

166 2939 198 2998 in
212 2938 332 3001 titulis:
356 2938 501 3018 Episcopi
523 2937 555 2998 in
576 2936 829 3000 cathedralibus:
851 2934 972 3014 praelati
990 2935 1023 2994 in
1038 2936 1097 2996 Ec-

167 3033 267 3094 clesiis
288 3034 379 3096 suis:
406 3033 548 3096 canonici
568 3032 600 3093 in
621 3031 768 3094 Ecclesiis
790 3029 1023 3092 cathedralibus
1046 3031 1096 3092 vel

166 3128 360 3208 collegiatis:
387 3129 559 3208 Regulares
587 3127 620 3188 in
646 3126 794 3187 Ecclesiis
816 3125 864 3187 sui
886 3124 1092 3186 monasterii:

165 3222 343 3285 confratres
366 3226 398 3286 in
425 3223 572 3286 Ecclesiis
597 3221 902 3284 confraternitatum.
928 3223 1046 3282 Tamen
1070 3222 1094 3282 si

164 3331 226 3375 non
247 3316 352 3379 adsint
372 3316 540 3396 sepultura
564 3311 716 3392 speciales
736 3317 768 3373 et
788 3309 1005 3390 privilegiata,
1021 3328 1095 3389 pro-

164 3407 247 3469 cedit
257 3407 310 3488 jus
324 3426 501 3484 commune,
518 3405 602 3486 quod
617 3421 680 3466 non
700 3403 782 3466 adsit
795 3401 935 3464 Ecclesia
958 3401 1009 3462 cui
1023 3419 1094 3462 cen-

164 3509 272 3566 seatur
284 3505 457 3587 maJ‘orihus
471 3502 633 3566 charitatis
646 3500 780 3564 vinculis
799 3497 942 3561 addictus
965 3498 1018 3579 qui
1041 3496 1094 3558 de·
