2548 4020
148 271 206 330 262
356 278 583 326 rnsrrrnrmrtss
604 277 687 323 acnrs
709 275 864 322 canorum.

149 425 304 502 Ecclesia,
334 425 398 486 sive
427 423 546 484 ratione
576 420 729 498 primatus
756 418 821 479 sive
849 417 1077 496 patriarchatus

148 528 293 582 urserunt
307 518 550 580 uniformitatem
565 533 636 576 cum
652 513 789 575 Ecclesia
803 529 952 586 romana,
969 514 1003 573 nt
1016 512 1078 573 fac-

148 620 214 678 tum
228 620 275 677 est
290 615 349 676 sub
362 613 492 692 Pippinn
507 617 539 672 et
552 611 660 672 Garolo
678 611 791 689 Magno
807 609 838 668 in
853 608 959 670 Galliis
973 611 1005 670 et
1019 608 1077 669 snb

148 709 297 786 Gregorio
317 708 371 768 VII
395 707 425 766 in
451 703 617 784 Hispaniis,
643 703 782 768 Ecclesia
805 719 908 782 graeca
930 702 1022 763 cessit
1044 702 1075 762 in

147 804 304 884 liturgiam
319 803 349 864 S.
366 801 473 864 Basilii
488 809 518 862 et
533 799 755 879 Chrysostcmi.

188 901 252 962 Sub
262 902 321 960 hcc
335 916 440 958 rerum
454 900 537 959 statu
552 897 624 957 Pius
633 897 670 973 V,
683 913 766 957 anno
778 895 868 972 1570,
882 895 1077 959 cohaerenter

147 999 188 1058 ad
202 995 317 1058 Concil.
333 995 414 1056 Trid.
433 1011 510 1055 sess.
527 997 583 1070 25,
599 995 638 1054 de
654 991 755 1054 indice
769 992 938 1069 librorum,
954 992 1076 1056 Missale

146 1093 320 1152 Romanum
340 1089 490 1166 correxit,
514 1095 545 1150 at
571 1089 734 1169 proposuit
756 1086 901 1148 omnibus
923 1085 1074 1160 ecclesiis,

145 1186 227 1246 facta
241 1184 384 1246 libertate
399 1183 554 1244 retinendi
566 1187 705 1242 vetustos
719 1183 813 1260 ritus,
831 1180 985 1259 siquidem
998 1179 1076 1240 iuis·

146 1287 217 1344 sant
230 1299 248 1341 a
263 1281 338 1342 sede
352 1283 492 1342 Romana
506 1279 538 1340 in
560 1297 616 1338 sna
630 1277 821 1340 institutione
837 1277 995 1356 probatus,
1022 1284 1076 1360 aut
1150 1303 1152 1307 ·

145 1381 204 1442 200
218 1394 373 1438 annorum
393 1375 618 1438 consuetudine
643 1373 769 1435 assidua
784 1373 973 1436 observatos.
990 1374 1075 1434 Non·

146 1473 238 1534 nullis
252 1473 461 1534 haclibertate
471 1473 518 1532 usi
530 1475 612 1549 suut,
622 1478 656 1533 ut
667 1471 743 1532 ordo
753 1470 1009 1550 praedicatorum
1022 1467 1075 1529 alii

145 1569 356 1644 communiter·
365 1568 499 1646 amplexi
517 1573 590 1630 sunt
612 1568 785 1628 Romanam
808 1563 976 1644 liturgiam.
1000 1565 1076 1624 Haec

144 1666 262 1728 referas
277 1665 318 1726 ad
331 1664 466 1741 Latinos,
482 1681 546 1724 ncn
561 1667 695 1728 Graecos.

184 1768 215 1824 2⁰
230 1762 363 1822 Maxima
375 1759 434 1822 fuit
453 1777 567 1840 pompa
588 1766 620 1822 at
640 1761 820 1822 solemnitas
840 1777 903 1838 qua
925 1758 1073 1820 Ecclesiae

144 1853 319 1930 primordiis
353 1851 572 1914 celebrabatur
600 1855 787 1932 sacrificium
817 1853 1070 1927 eucharisticum,

144 1951 170 2010 si
188 1948 314 2028 quidem
339 1950 402 2010 tota
426 1949 559 2012 ecclesia
579 1949 621 2010 ad
642 1949 719 2010 illud
742 1949 937 2012 offerendum
961 1966 1076 2010 conve·

143 2045 260 2122 niebat,
283 2045 363 2107 adeo
386 2051 420 2107 ut
442 2049 575 2126 augusta
598 2044 650 2106 illa
675 2047 861 2108 caeremonia
879 2045 1000 2128 syrtaria
1017 2063 1074 2106 seu

144 2141 272 2204 collecta
287 2149 462 2204 vocaretur.
479 2142 541 2204 Sed
559 2159 624 2204 non
644 2160 754 2205 omnes
776 2141 923 2205 eumdem
945 2147 1075 2220 praesta-

143 2239 219 2300 bant
232 2241 338 2302 actum
357 2239 398 2300 ad
420 2237 618 2317 sacrificium,
640 2240 697 2301 sed
720 2256 830 2300 omnes
852 2237 1074 2320 proximiorem

143 2341 197 2396 aut
219 2335 420 2396 remotiorem
447 2335 560 2413 singuli
588 2351 644 2412 pro
674 2334 853 2396 conditione
882 2351 950 2395 sua.
981 2334 1073 2394 Plebs

91 2450 99 2464 ·
142 2430 310 2493 christiana
338 2448 394 2509 pro
418 2421 475 2492 suc
499 2436 581 2494 statu
609 2431 711 2494 laicali
734 2431 884 2507 afferebat
906 2447 1021 2510 panem
1042 2439 1074 2492 et

142 2527 249 2586 vinum
264 2527 348 2604 quod
363 2526 513 2589 sacrificio
529 2527 710 2607 peragendo
731 2527 893 2589 inserviret
912 2532 944 2588 at
962 2526 1072 2587 alimo-

141 2621 200 2681 niae
216 2638 391 2698 pauperum
407 2628 437 2683 et
451 2621 674 2700 ministrorum,
692 2623 748 2684 sed
759 2622 878 2684 nullam
899 2621 957 2684 sibi
971 2621 1072 2684 vindi·

141 2718 233 2780 cabat
247 2724 368 2796 partem
381 2717 512 2779 activam
528 2720 568 2779 ad
587 2737 708 2782 sacram
731 2719 952 2781 caeremoniam
975 2717 1072 2780 conii·

140 2812 461 2892 ciendam;adstabat,
469 2814 689 2892 respondebat,
700 2813 960 2890 communicabat,
971 2815 1072 2876 donec

141 2931 197 2992 per
209 2911 376 2973 diaconum
389 2911 611 2988 dimitteretnr;
636 2913 720 2975 unde
742 2912 930 2975 sacrificium
949 2913 1072 2976 Eucha-

140 3008 278 3070 risticum
305 3006 404 3070 Misera
430 3025 546 3070 noman
573 3007 678 3070 traxit.
707 3009 769 3069 Sed
795 3008 897 3083 clerus
925 3027 982 3088 pro
1013 3026 1069 3070 suu

140 3109 222 3172 statu
249 3103 392 3166 nobiliori
428 3122 552 3168 sacrum
579 3104 751 3183 peragebat
777 3104 996 3184 ministerium,
1024 3105 1069 3166 ita

138 3205 244 3264 tamen
259 3207 293 3263 ut
307 3219 364 3281 pro
378 3202 463 3263 vario
479 3201 596 3264 ordinis
612 3202 712 3281 gradu
726 3202 896 3281 proximius
906 3208 1071 3264 autremc·

138 3297 200 3358 tius
214 3298 317 3358 clerici
328 3297 369 3358 ad
382 3297 537 3359 actionem
553 3297 723 3360 sacrificam
733 3305 966 3377 concurrerant,
978 3299 1070 3378 cnjus

138 3391 292 3454 conlectio
306 3391 521 3456 sacerdotibus
535 3395 764 3458 reservabatur.
776 3396 863 3458 Unus
872 3400 978 3456 autem
987 3395 1069 3458 inter

139 3505 204 3564 ecs,
221 3486 363 3549 videlicet
378 3489 555 3568 epiecopus,
574 3496 722 3577 tanquam
737 3496 830 3573 caput
843 3498 978 3571 praeerat
992 3491 1066 3554 ritui
