<?xml version="1.0" encoding="UTF-8"?>
<!DOCTYPE html PUBLIC "-//W3C//DTD XHTML 1.0 Transitional//EN"
    "http://www.w3.org/TR/xhtml1/DTD/xhtml1-transitional.dtd">
<html xmlns="http://www.w3.org/1999/xhtml" xml:lang="en" lang="en">
 <head>
  <title>
</title>
<meta http-equiv="Content-Type" content="text/html;charset=utf-8" />
  <meta name='ocr-system' content='tesseract 3.04.00' />
  <meta name='ocr-capabilities' content='ocr_page ocr_carea ocr_par ocr_line ocrx_word'/>
</head>
<body>
  <div class='ocr_page' id='page_1' title='image "./institutionesju00marigoog_0025.png"; bbox 0 0 2476 4022; ppageno 0'>
   <div class='ocr_carea' id='block_1_1' title="bbox 152 240 862 300">
    <p class='ocr_par' dir='ltr' id='par_1_1' title="bbox 152 240 862 300">
     <span class='ocr_line' id='line_1_1' title="bbox 152 240 862 300; baseline -0.003 -1"><span class='ocrx_word' id='word_1_1' title='bbox 152 240 190 300; x_wconf 80' lang='lat' dir='ltr'>ts</span> <span class='ocrx_word' id='word_1_2' title='bbox 287 247 289 250; x_wconf 86' lang='grc'><strong><em>·</em></strong></span> <span class='ocrx_word' id='word_1_3' title='bbox 357 252 686 300; x_wconf 80' lang='lat' dir='ltr'>1usr1rur10ssssuu1s</span> <span class='ocrx_word' id='word_1_4' title='bbox 708 253 862 300; x_wconf 76' lang='lat' dir='ltr'>curoumr.</span> 
     </span>
    </p>
   </div>
   <div class='ocr_carea' id='block_1_2' title="bbox 148 394 1080 1432">
    <p class='ocr_par' dir='ltr' id='par_1_2' title="bbox 149 394 1080 1035">
     <span class='ocr_line' id='line_1_2' title="bbox 150 394 1078 479; baseline -0.001 -19"><span class='ocrx_word' id='word_1_5' title='bbox 150 398 321 460; x_wconf 74' lang='lat' dir='ltr'>Ecclesiam</span> <span class='ocrx_word' id='word_1_6' title='bbox 340 395 509 474; x_wconf 79' lang='lat' dir='ltr'>adscriptio</span> <span class='ocrx_word' id='word_1_7' title='bbox 530 395 715 458; x_wconf 84' lang='lat' dir='ltr'>auctoritate</span> <span class='ocrx_word' id='word_1_8' title='bbox 736 394 883 475; x_wconf 86' lang='lat' dir='ltr'>illorum),</span> <span class='ocrx_word' id='word_1_9' title='bbox 908 397 962 476; x_wconf 87' lang='lat' dir='ltr'>qui</span> <span class='ocrx_word' id='word_1_10' title='bbox 983 398 1078 479; x_wconf 86' lang='lat' dir='ltr'>hujus</span> 
     </span>
     <span class='ocr_line' id='line_1_3' title="bbox 150 491 1078 574; baseline -0.001 -19"><span class='ocrx_word' id='word_1_11' title='bbox 150 493 319 574; x_wconf 88' lang='lat' dir='ltr'>spiritualis</span> <span class='ocrx_word' id='word_1_12' title='bbox 333 491 458 552; x_wconf 83' lang='lat' dir='ltr'>familiae</span> <span class='ocrx_word' id='word_1_13' title='bbox 474 494 505 553; x_wconf 91' lang='lat' dir='ltr'>et</span> <span class='ocrx_word' id='word_1_14' title='bbox 518 491 675 553; x_wconf 88' lang='lat' dir='ltr'>societatis</span> <span class='ocrx_word' id='word_1_15' title='bbox 685 493 791 570; x_wconf 90' lang='lat' dir='ltr'>patres</span> <span class='ocrx_word' id='word_1_16' title='bbox 809 497 840 550; x_wconf 89' lang='lat' dir='ltr'>et</span> <span class='ocrx_word' id='word_1_17' title='bbox 849 492 1078 571; x_wconf 80' lang='lat' dir='ltr'>gubernatores</span> 
     </span>
     <span class='ocr_line' id='line_1_4' title="bbox 151 586 1079 667; baseline 0 -15"><span class='ocrx_word' id='word_1_18' title='bbox 151 592 264 654; x_wconf 78' lang='lat' dir='ltr'><strong>essent.</strong></span> <span class='ocrx_word' id='word_1_19' title='bbox 288 587 377 651; x_wconf 88' lang='lat' dir='ltr'>Unde</span> <span class='ocrx_word' id='word_1_20' title='bbox 402 587 443 649; x_wconf 87' lang='lat' dir='ltr'>ab</span> <span class='ocrx_word' id='word_1_21' title='bbox 465 586 600 665; x_wconf 78' lang='lat' dir='ltr'><strong>antiquis</strong></span> <span class='ocrx_word' id='word_1_22' title='bbox 628 586 822 665; x_wconf 83' lang='lat' dir='ltr'>temporibus</span> <span class='ocrx_word' id='word_1_23' title='bbox 845 592 1008 667; x_wconf 89' lang='lat' dir='ltr'>receptum</span> <span class='ocrx_word' id='word_1_24' title='bbox 1032 593 1079 652; x_wconf 88' lang='lat' dir='ltr'>est</span> 
     </span>
     <span class='ocr_line' id='line_1_5' title="bbox 150 682 1080 748; baseline -0.003 -1"><span class='ocrx_word' id='word_1_25' title='bbox 150 685 243 748; x_wconf 88' lang='lat' dir='ltr'>unius</span> <span class='ocrx_word' id='word_1_26' title='bbox 277 684 409 746; x_wconf 83' lang='lat' dir='ltr'>Romani</span> <span class='ocrx_word' id='word_1_27' title='bbox 442 682 600 746; x_wconf 86' lang='lat' dir='ltr'>Pontificis</span> <span class='ocrx_word' id='word_1_28' title='bbox 635 682 819 744; x_wconf 87' lang='lat' dir='ltr'>auctoritate</span> <span class='ocrx_word' id='word_1_29' title='bbox 847 683 1010 745; x_wconf 87' lang='lat' dir='ltr'>missiones</span> <span class='ocrx_word' id='word_1_30' title='bbox 1038 684 1080 744; x_wconf 90' lang='lat' dir='ltr'>ad</span> 
     </span>
     <span class='ocr_line' id='line_1_6' title="bbox 149 778 1079 863; baseline -0.003 -20"><span class='ocrx_word' id='word_1_31' title='bbox 149 788 259 863; x_wconf 81' lang='lat' dir='ltr'>gentes</span> <span class='ocrx_word' id='word_1_32' title='bbox 273 780 479 860; x_wconf 88' lang='lat' dir='ltr'>baptizandas</span> <span class='ocrx_word' id='word_1_33' title='bbox 493 778 623 854; x_wconf 89' lang='lat' dir='ltr'>institui,</span> <span class='ocrx_word' id='word_1_34' title='bbox 635 782 667 840; x_wconf 90' lang='lat' dir='ltr'>et</span> <span class='ocrx_word' id='word_1_35' title='bbox 684 778 775 838; x_wconf 90' lang='lat' dir='ltr'>unius</span> <span class='ocrx_word' id='word_1_36' title='bbox 790 778 928 857; x_wconf 82' lang='lat' dir='ltr'>episcopi</span> <span class='ocrx_word' id='word_1_37' title='bbox 943 781 1079 840; x_wconf 89' lang='lat' dir='ltr'>auctori-</span> 
     </span>
     <span class='ocr_line' id='line_1_7' title="bbox 149 872 1079 953; baseline -0.009 -11"><span class='ocrx_word' id='word_1_38' title='bbox 149 882 213 942; x_wconf 81' lang='lat' dir='ltr'>tate</span> <span class='ocrx_word' id='word_1_39' title='bbox 241 882 272 940; x_wconf 92' lang='lat' dir='ltr'>et</span> <span class='ocrx_word' id='word_1_40' title='bbox 295 892 452 938; x_wconf 91' lang='lat' dir='ltr'>concensu</span> <span class='ocrx_word' id='word_1_41' title='bbox 479 874 636 953; x_wconf 89' lang='lat' dir='ltr'>baptisma</span> <span class='ocrx_word' id='word_1_42' title='bbox 667 873 699 936; x_wconf 87' lang='lat' dir='ltr'>iu</span> <span class='ocrx_word' id='word_1_43' title='bbox 726 873 856 952; x_wconf 86' lang='lat' dir='ltr'>singulis</span> <span class='ocrx_word' id='word_1_44' title='bbox 889 872 1079 936; x_wconf 77' lang='lat' dir='ltr'>dioecesibus</span> 
     </span>
     <span class='ocr_line' id='line_1_8' title="bbox 150 971 468 1035; baseline -0.003 -2"><span class='ocrx_word' id='word_1_45' title='bbox 150 971 375 1035; x_wconf 81' lang='lat' dir='ltr'>conferendum</span> <span class='ocrx_word' id='word_1_46' title='bbox 390 988 468 1032; x_wconf 88' lang='lat' dir='ltr'>esse.</span> 
     </span>
    </p>

    <p class='ocr_par' dir='ltr' id='par_1_3' title="bbox 148 1063 1080 1432">
     <span class='ocr_line' id='line_1_9' title="bbox 189 1063 1079 1148; baseline -0.003 -19"><span class='ocrx_word' id='word_1_47' title='bbox 189 1070 228 1130; x_wconf 81' lang='lat' dir='ltr'>ut</span> <span class='ocrx_word' id='word_1_48' title='bbox 243 1068 370 1148; x_wconf 88' lang='lat' dir='ltr'>quidem</span> <span class='ocrx_word' id='word_1_49' title='bbox 384 1067 443 1127; x_wconf 91' lang='lat' dir='ltr'>hac</span> <span class='ocrx_word' id='word_1_50' title='bbox 462 1065 494 1124; x_wconf 95' lang='lat' dir='ltr'>in</span> <span class='ocrx_word' id='word_1_51' title='bbox 512 1082 547 1124; x_wconf 91' lang='lat' dir='ltr'>re</span> <span class='ocrx_word' id='word_1_52' title='bbox 567 1063 716 1144; x_wconf 83' lang='lat' dir='ltr'>distingui</span> <span class='ocrx_word' id='word_1_53' title='bbox 737 1065 831 1126; x_wconf 89' lang='lat' dir='ltr'>debet</span> <span class='ocrx_word' id='word_1_54' title='bbox 848 1065 973 1146; x_wconf 87' lang='lat' dir='ltr'>privata</span> <span class='ocrx_word' id='word_1_55' title='bbox 990 1084 1009 1126; x_wconf 87' lang='lat' dir='ltr'>a</span> <span class='ocrx_word' id='word_1_56' title='bbox 1030 1083 1079 1127; x_wconf 91' lang='lat' dir='ltr'>so-</span> 
     </span>
     <span class='ocr_line' id='line_1_10' title="bbox 149 1157 1080 1238; baseline -0.005 -16"><span class='ocrx_word' id='word_1_57' title='bbox 149 1161 245 1224; x_wconf 88' lang='lat' dir='ltr'>lemni</span> <span class='ocrx_word' id='word_1_58' title='bbox 263 1159 461 1238; x_wconf 89' lang='lat' dir='ltr'>baptismatis</span> <span class='ocrx_word' id='word_1_59' title='bbox 481 1157 751 1218; x_wconf 79' lang='lat' dir='ltr'>administratione</span> <span class='ocrx_word' id='word_1_60' title='bbox 773 1177 779 1217; x_wconf 94' lang='lat'><strong>:</strong></span> <span class='ocrx_word' id='word_1_61' title='bbox 803 1159 838 1218; x_wconf 93' lang='lat' dir='ltr'>ln</span> <span class='ocrx_word' id='word_1_62' title='bbox 859 1157 981 1236; x_wconf 88' lang='lat' dir='ltr'>privata</span> <span class='ocrx_word' id='word_1_63' title='bbox 1001 1158 1080 1236; x_wconf 85' lang='lat' dir='ltr'>bap-</span> 
     </span>
     <span class='ocr_line' id='line_1_11' title="bbox 149 1254 1077 1333; baseline -0.008 -11"><span class='ocrx_word' id='word_1_64' title='bbox 149 1257 282 1322; x_wconf 85' lang='lat' dir='ltr'>tismatis</span> <span class='ocrx_word' id='word_1_65' title='bbox 296 1254 578 1329; x_wconf 76' lang='lat' dir='ltr'>administratione,</span> <span class='ocrx_word' id='word_1_66' title='bbox 595 1270 665 1332; x_wconf 72' lang='lat' dir='ltr'>ques</span> <span class='ocrx_word' id='word_1_67' title='bbox 679 1254 714 1313; x_wconf 90' lang='lat' dir='ltr'>fit</span> <span class='ocrx_word' id='word_1_68' title='bbox 730 1259 859 1333; x_wconf 85' lang='lat' dir='ltr'>urgente</span> <span class='ocrx_word' id='word_1_69' title='bbox 879 1255 1077 1332; x_wconf 77' lang='lat' dir='ltr'>necessitate,</span> 
     </span>
     <span class='ocr_line' id='line_1_12' title="bbox 148 1348 1079 1432; baseline -0.009 -14"><span class='ocrx_word' id='word_1_70' title='bbox 148 1355 232 1418; x_wconf 90' lang='lat' dir='ltr'>licite</span> <span class='ocrx_word' id='word_1_71' title='bbox 245 1353 384 1431; x_wconf 88' lang='lat' dir='ltr'>baptizat</span> <span class='ocrx_word' id='word_1_72' title='bbox 399 1350 587 1432; x_wconf 89' lang='lat' dir='ltr'>quicumque</span> <span class='ocrx_word' id='word_1_73' title='bbox 603 1348 706 1419; x_wconf 70' lang='lat' dir='ltr'>¹aalide</span> <span class='ocrx_word' id='word_1_74' title='bbox 719 1349 869 1428; x_wconf 88' lang='lat' dir='ltr'>baptizat.</span> <span class='ocrx_word' id='word_1_75' title='bbox 881 1350 979 1410; x_wconf 81' lang='lat' dir='ltr'>Adest</span> <span class='ocrx_word' id='word_1_76' title='bbox 993 1352 1079 1410; x_wconf 90' lang='lat' dir='ltr'>enim</span> 
     </span>
    </p>
   </div>
   <div class='ocr_carea' id='block_1_3' title="bbox 147 1445 1080 2008">
    <p class='ocr_par' dir='ltr' id='par_1_4' title="bbox 147 1445 1080 2008">
     <span class='ocr_line' id='line_1_13' title="bbox 149 1445 1080 1531; baseline -0.006 -19"><span class='ocrx_word' id='word_1_77' title='bbox 149 1452 361 1531; x_wconf 83' lang='lat' dir='ltr'>praesumptus</span> <span class='ocrx_word' id='word_1_78' title='bbox 375 1466 437 1508; x_wconf 94' lang='lat' dir='ltr'>non</span> <span class='ocrx_word' id='word_1_79' title='bbox 452 1446 565 1522; x_wconf 90' lang='lat' dir='ltr'>solum,</span> <span class='ocrx_word' id='word_1_80' title='bbox 582 1445 636 1505; x_wconf 90' lang='lat' dir='ltr'>sed</span> <span class='ocrx_word' id='word_1_81' title='bbox 658 1445 821 1523; x_wconf 84' lang='lat' dir='ltr'>explicitus</span> <span class='ocrx_word' id='word_1_82' title='bbox 839 1445 985 1506; x_wconf 78' lang='lat' dir='ltr'>Ecclesiae</span> <span class='ocrx_word' id='word_1_83' title='bbox 1006 1463 1080 1506; x_wconf 92' lang='lat' dir='ltr'>con-</span> 
     </span>
     <span class='ocr_line' id='line_1_14' title="bbox 149 1539 1080 1621; baseline -0.004 -14"><span class='ocrx_word' id='word_1_84' title='bbox 149 1563 270 1621; x_wconf 91' lang='lat' dir='ltr'>sensus,</span> <span class='ocrx_word' id='word_1_85' title='bbox 287 1547 322 1606; x_wconf 87' lang='lat' dir='ltr'>ut</span> <span class='ocrx_word' id='word_1_86' title='bbox 336 1543 452 1603; x_wconf 88' lang='lat' dir='ltr'>nemini</span> <span class='ocrx_word' id='word_1_87' title='bbox 466 1540 575 1602; x_wconf 89' lang='lat' dir='ltr'>salutis</span> <span class='ocrx_word' id='word_1_88' title='bbox 590 1540 642 1601; x_wconf 90' lang='lat' dir='ltr'>via</span> <span class='ocrx_word' id='word_1_89' title='bbox 655 1539 876 1618; x_wconf 71' lang='lat' dir='ltr'>praeludatur.</span> <span class='ocrx_word' id='word_1_90' title='bbox 894 1541 1002 1602; x_wconf 84' lang='lat' dir='ltr'>Solum</span> <span class='ocrx_word' id='word_1_91' title='bbox 1017 1545 1080 1603; x_wconf 86' lang='lat' dir='ltr'>sta·</span> 
     </span>
     <span class='ocr_line' id='line_1_15' title="bbox 148 1637 1078 1719; baseline -0.008 -12"><span class='ocrx_word' id='word_1_92' title='bbox 148 1648 254 1707; x_wconf 90' lang='lat' dir='ltr'>tutum</span> <span class='ocrx_word' id='word_1_93' title='bbox 276 1646 325 1704; x_wconf 91' lang='lat' dir='ltr'>est</span> <span class='ocrx_word' id='word_1_94' title='bbox 352 1647 387 1700; x_wconf 93' lang='lat' dir='ltr'>ut</span> <span class='ocrx_word' id='word_1_95' title='bbox 414 1640 543 1719; x_wconf 86' lang='lat' dir='ltr'>quidam</span> <span class='ocrx_word' id='word_1_96' title='bbox 570 1637 648 1698; x_wconf 91' lang='lat' dir='ltr'>ordo</span> <span class='ocrx_word' id='word_1_97' title='bbox 676 1640 829 1714; x_wconf 90' lang='lat' dir='ltr'>servetur,</span> <span class='ocrx_word' id='word_1_98' title='bbox 856 1640 889 1699; x_wconf 88' lang='lat' dir='ltr'>ut</span> <span class='ocrx_word' id='word_1_99' title='bbox 911 1639 1078 1700; x_wconf 84' lang='lat' dir='ltr'>difficiliori</span> 
     </span>
     <span class='ocr_line' id='line_1_16' title="bbox 150 1733 1078 1800; baseline -0.002 -2"><span class='ocrx_word' id='word_1_100' title='bbox 150 1738 244 1800; x_wconf 90' lang='lat' dir='ltr'>modo</span> <span class='ocrx_word' id='word_1_101' title='bbox 279 1737 323 1798; x_wconf 93' lang='lat' dir='ltr'>illi</span> <span class='ocrx_word' id='word_1_102' title='bbox 353 1735 560 1796; x_wconf 87' lang='lat' dir='ltr'>admittantur</span> <span class='ocrx_word' id='word_1_103' title='bbox 589 1733 630 1792; x_wconf 84' lang='lat' dir='ltr'>ud</span> <span class='ocrx_word' id='word_1_104' title='bbox 660 1734 847 1794; x_wconf 88' lang='lat' dir='ltr'>sacramenti</span> <span class='ocrx_word' id='word_1_105' title='bbox 879 1734 1078 1796; x_wconf 87' lang='lat' dir='ltr'>administra-</span> 
     </span>
     <span class='ocr_line' id='line_1_17' title="bbox 147 1829 1079 1910; baseline -0.005 -16"><span class='ocrx_word' id='word_1_106' title='bbox 147 1833 276 1907; x_wconf 90' lang='lat' dir='ltr'>tionem,</span> <span class='ocrx_word' id='word_1_107' title='bbox 293 1831 346 1910; x_wconf 89' lang='lat' dir='ltr'>qui</span> <span class='ocrx_word' id='word_1_108' title='bbox 361 1830 463 1908; x_wconf 87' lang='lat' dir='ltr'>magis</span> <span class='ocrx_word' id='word_1_109' title='bbox 480 1829 591 1908; x_wconf 90' lang='lat' dir='ltr'>procul</span> <span class='ocrx_word' id='word_1_110' title='bbox 610 1834 683 1888; x_wconf 90' lang='lat' dir='ltr'>sunt</span> <span class='ocrx_word' id='word_1_111' title='bbox 701 1847 720 1889; x_wconf 88' lang='lat' dir='ltr'>a</span> <span class='ocrx_word' id='word_1_112' title='bbox 741 1831 837 1889; x_wconf 89' lang='lat' dir='ltr'>sacris</span> <span class='ocrx_word' id='word_1_113' title='bbox 858 1829 968 1890; x_wconf 86' lang='lat' dir='ltr'>officiis</span> <span class='ocrx_word' id='word_1_114' title='bbox 988 1848 1079 1907; x_wconf 87' lang='lat' dir='ltr'>pers-</span> 
     </span>
     <span class='ocr_line' id='line_1_18' title="bbox 147 1923 1078 2008; baseline -0.005 -18"><span class='ocrx_word' id='word_1_115' title='bbox 147 1928 270 2008; x_wconf 80' lang='lat' dir='ltr'>gendis,</span> <span class='ocrx_word' id='word_1_116' title='bbox 296 1933 328 1989; x_wconf 86' lang='lat' dir='ltr'>et</span> <span class='ocrx_word' id='word_1_117' title='bbox 348 1926 445 1986; x_wconf 90' lang='lat' dir='ltr'>sacris</span> <span class='ocrx_word' id='word_1_118' title='bbox 466 1923 655 1984; x_wconf 89' lang='lat' dir='ltr'>ministeriis.</span> <span class='ocrx_word' id='word_1_119' title='bbox 678 1924 725 1986; x_wconf 91' lang='lat' dir='ltr'>lta</span> <span class='ocrx_word' id='word_1_120' title='bbox 746 1926 893 1986; x_wconf 79' lang='lat' dir='ltr'>sacerdos</span> <span class='ocrx_word' id='word_1_121' title='bbox 913 1925 1078 2002; x_wconf 83' lang='lat' dir='ltr'>praefertur</span> 
     </span>
    </p>
   </div>
   <div class='ocr_carea' id='block_1_4' title="bbox 144 2015 1077 3534">
    <p class='ocr_par' dir='ltr' id='par_1_5' title="bbox 147 2015 1077 2464">
     <span class='ocr_line' id='line_1_19' title="bbox 148 2015 1077 2094; baseline -0.002 -14"><span class='ocrx_word' id='word_1_122' title='bbox 148 2019 291 2094; x_wconf 89' lang='lat' dir='ltr'>diacono,</span> <span class='ocrx_word' id='word_1_123' title='bbox 318 2017 469 2078; x_wconf 88' lang='lat' dir='ltr'>diaconus</span> <span class='ocrx_word' id='word_1_124' title='bbox 488 2015 701 2092; x_wconf 89' lang='lat' dir='ltr'>subdiacono,</span> <span class='ocrx_word' id='word_1_125' title='bbox 732 2016 943 2079; x_wconf 89' lang='lat' dir='ltr'>subdiaconus</span> <span class='ocrx_word' id='word_1_126' title='bbox 963 2019 1077 2078; x_wconf 90' lang='lat' dir='ltr'>minori</span> 
     </span>
     <span class='ocr_line' id='line_1_20' title="bbox 147 2109 1077 2190; baseline -0.004 -13"><span class='ocrx_word' id='word_1_127' title='bbox 147 2115 281 2190; x_wconf 87' lang='lat' dir='ltr'>clerico,</span> <span class='ocrx_word' id='word_1_128' title='bbox 307 2112 438 2173; x_wconf 88' lang='lat' dir='ltr'>clericus</span> <span class='ocrx_word' id='word_1_129' title='bbox 461 2112 560 2187; x_wconf 85' lang='lat' dir='ltr'>laico,</span> <span class='ocrx_word' id='word_1_130' title='bbox 589 2111 699 2171; x_wconf 85' lang='lat' dir='ltr'>fideles</span> <span class='ocrx_word' id='word_1_131' title='bbox 722 2109 858 2189; x_wconf 91' lang='lat' dir='ltr'>infideli,</span> <span class='ocrx_word' id='word_1_132' title='bbox 885 2112 1077 2173; x_wconf 85' lang='lat' dir='ltr'>orthodoxus</span> 
     </span>
     <span class='ocr_line' id='line_1_21' title="bbox 147 2205 1076 2286; baseline -0.004 -15"><span class='ocrx_word' id='word_1_133' title='bbox 147 2209 351 2285; x_wconf 83' lang='lat' dir='ltr'>heterodoxo,</span> <span class='ocrx_word' id='word_1_134' title='bbox 368 2206 416 2268; x_wconf 89' lang='lat' dir='ltr'>vir</span> <span class='ocrx_word' id='word_1_135' title='bbox 429 2207 570 2278; x_wconf 90' lang='lat' dir='ltr'>mulieri;</span> <span class='ocrx_word' id='word_1_136' title='bbox 588 2205 758 2269; x_wconf 91' lang='lat' dir='ltr'>dummodo</span> <span class='ocrx_word' id='word_1_137' title='bbox 770 2207 856 2267; x_wconf 89' lang='lat' dir='ltr'>haud</span> <span class='ocrx_word' id='word_1_138' title='bbox 865 2207 979 2286; x_wconf 90' lang='lat' dir='ltr'>pudor,</span> <span class='ocrx_word' id='word_1_139' title='bbox 992 2207 1076 2267; x_wconf 84' lang='lat' dir='ltr'>haud</span> 
     </span>
     <span class='ocr_line' id='line_1_22' title="bbox 147 2302 1077 2386; baseline -0.002 -20"><span class='ocrx_word' id='word_1_140' title='bbox 147 2307 292 2386; x_wconf 88' lang='lat' dir='ltr'>pueritia,</span> <span class='ocrx_word' id='word_1_141' title='bbox 313 2305 399 2365; x_wconf 84' lang='lat' dir='ltr'>haud</span> <span class='ocrx_word' id='word_1_142' title='bbox 418 2305 487 2367; x_wconf 85' lang='lat' dir='ltr'>sliae</span> <span class='ocrx_word' id='word_1_143' title='bbox 509 2302 645 2364; x_wconf 91' lang='lat' dir='ltr'>rationes</span> <span class='ocrx_word' id='word_1_144' title='bbox 667 2319 756 2362; x_wconf 88' lang='lat' dir='ltr'>secus</span> <span class='ocrx_word' id='word_1_145' title='bbox 777 2309 989 2381; x_wconf 90' lang='lat' dir='ltr'>opportunum</span> <span class='ocrx_word' id='word_1_146' title='bbox 1009 2321 1077 2364; x_wconf 89' lang='lat' dir='ltr'>esse</span> 
     </span>
     <span class='ocr_line' id='line_1_23' title="bbox 148 2402 389 2464; baseline -0.004 -2"><span class='ocrx_word' id='word_1_147' title='bbox 148 2421 210 2464; x_wconf 92' lang='lat' dir='ltr'>non</span> <span class='ocrx_word' id='word_1_148' title='bbox 224 2402 389 2463; x_wconf 87' lang='lat' dir='ltr'>suadeant.</span> 
     </span>
    </p>

    <p class='ocr_par' dir='ltr' id='par_1_6' title="bbox 144 2495 1077 3534">
     <span class='ocr_line' id='line_1_24' title="bbox 187 2495 1077 2576; baseline -0.001 -17"><span class='ocrx_word' id='word_1_149' title='bbox 187 2502 282 2560; x_wconf 83' lang='lat' dir='ltr'>Extra</span> <span class='ocrx_word' id='word_1_150' title='bbox 296 2515 404 2558; x_wconf 91' lang='lat' dir='ltr'>casum</span> <span class='ocrx_word' id='word_1_151' title='bbox 419 2495 615 2558; x_wconf 88' lang='lat' dir='ltr'>necessitatis</span> <span class='ocrx_word' id='word_1_152' title='bbox 630 2497 670 2557; x_wconf 87' lang='lat' dir='ltr'>ad</span> <span class='ocrx_word' id='word_1_153' title='bbox 690 2496 862 2558; x_wconf 90' lang='lat' dir='ltr'>solemnem</span> <span class='ocrx_word' id='word_1_154' title='bbox 880 2497 1077 2576; x_wconf 85' lang='lat' dir='ltr'>baptismatis</span> 
     </span>
     <span class='ocr_line' id='line_1_25' title="bbox 148 2592 1074 2674; baseline 0 -20"><span class='ocrx_word' id='word_1_155' title='bbox 148 2594 345 2655; x_wconf 86' lang='lat' dir='ltr'>collationem</span> <span class='ocrx_word' id='word_1_156' title='bbox 365 2592 576 2653; x_wconf 88' lang='lat' dir='ltr'>admittuntur</span> <span class='ocrx_word' id='word_1_157' title='bbox 595 2596 718 2653; x_wconf 91' lang='lat' dir='ltr'>tantum</span> <span class='ocrx_word' id='word_1_158' title='bbox 739 2599 855 2671; x_wconf 81' lang='lat' dir='ltr'>preater</span> <span class='ocrx_word' id='word_1_159' title='bbox 876 2595 1074 2674; x_wconf 91' lang='lat' dir='ltr'>episcopum,</span> 
     </span>
     <span class='ocr_line' id='line_1_26' title="bbox 146 2688 1077 2767; baseline 0.003 -18"><span class='ocrx_word' id='word_1_160' title='bbox 146 2689 330 2767; x_wconf 84' lang='lat' dir='ltr'>praesbyteri</span> <span class='ocrx_word' id='word_1_161' title='bbox 345 2691 377 2750; x_wconf 89' lang='lat' dir='ltr'>et</span> <span class='ocrx_word' id='word_1_162' title='bbox 392 2688 526 2749; x_wconf 89' lang='lat' dir='ltr'>diaconi.</span> <span class='ocrx_word' id='word_1_163' title='bbox 544 2690 585 2748; x_wconf 80' lang='lat' dir='ltr'>At</span> <span class='ocrx_word' id='word_1_164' title='bbox 598 2707 673 2750; x_wconf 85' lang='lat' dir='ltr'>vero</span> <span class='ocrx_word' id='word_1_165' title='bbox 692 2688 814 2751; x_wconf 89' lang='lat' dir='ltr'>facilius</span> <span class='ocrx_word' id='word_1_166' title='bbox 831 2691 1077 2753; x_wconf 85' lang='lat' dir='ltr'>admittebantur</span> 
     </span>
     <span class='ocr_line' id='line_1_27' title="bbox 147 2783 1076 2863; baseline -0.001 -18"><span class='ocrx_word' id='word_1_167' title='bbox 147 2785 270 2845; x_wconf 88' lang='lat' dir='ltr'>diaconi</span> <span class='ocrx_word' id='word_1_168' title='bbox 289 2783 323 2844; x_wconf 94' lang='lat' dir='ltr'>in</span> <span class='ocrx_word' id='word_1_169' title='bbox 345 2784 447 2862; x_wconf 90' lang='lat' dir='ltr'>prima</span> <span class='ocrx_word' id='word_1_170' title='bbox 471 2785 618 2847; x_wconf 75' lang='lat' dir='ltr'>Ecclesia</span> <span class='ocrx_word' id='word_1_171' title='bbox 649 2785 843 2863; x_wconf 85' lang='lat' dir='ltr'>fundatione,</span> <span class='ocrx_word' id='word_1_172' title='bbox 868 2786 1023 2846; x_wconf 84' lang='lat' dir='ltr'>difficilius</span> <span class='ocrx_word' id='word_1_173' title='bbox 1044 2786 1076 2845; x_wconf 93' lang='lat' dir='ltr'>in</span> 
     </span>
     <span class='ocr_line' id='line_1_28' title="bbox 146 2881 1076 2963; baseline 0.001 -21"><span class='ocrx_word' id='word_1_174' title='bbox 146 2881 287 2942; x_wconf 77' lang='lat' dir='ltr'>Ecclesia</span> <span class='ocrx_word' id='word_1_175' title='bbox 299 2881 441 2943; x_wconf 85' lang='lat' dir='ltr'>fundate.</span> <span class='ocrx_word' id='word_1_176' title='bbox 465 2882 584 2943; x_wconf 77' lang='lat' dir='ltr'>Eadem</span> <span class='ocrx_word' id='word_1_177' title='bbox 606 2900 680 2944; x_wconf 87' lang='lat' dir='ltr'>vero</span> <span class='ocrx_word' id='word_1_178' title='bbox 700 2883 780 2945; x_wconf 91' lang='lat' dir='ltr'>ratio</span> <span class='ocrx_word' id='word_1_179' title='bbox 802 2883 963 2963; x_wconf 84' lang='lat' dir='ltr'>utriusque</span> <span class='ocrx_word' id='word_1_180' title='bbox 986 2882 1076 2943; x_wconf 92' lang='lat' dir='ltr'>disci-</span> 
     </span>
     <span class='ocr_line' id='line_1_29' title="bbox 146 2977 1077 3059; baseline 0.001 -20"><span class='ocrx_word' id='word_1_181' title='bbox 146 2977 249 3056; x_wconf 73' lang='lat' dir='ltr'>plina,</span> <span class='ocrx_word' id='word_1_182' title='bbox 267 2978 413 3040; x_wconf 86' lang='lat' dir='ltr'>videlicet</span> <span class='ocrx_word' id='word_1_183' title='bbox 433 2983 467 3042; x_wconf 92' lang='lat' dir='ltr'>ut</span> <span class='ocrx_word' id='word_1_184' title='bbox 489 2979 613 3041; x_wconf 88' lang='lat' dir='ltr'>diaconi</span> <span class='ocrx_word' id='word_1_185' title='bbox 635 2979 857 3042; x_wconf 88' lang='lat' dir='ltr'>subsidiariam</span> <span class='ocrx_word' id='word_1_186' title='bbox 878 2998 970 3057; x_wconf 90' lang='lat' dir='ltr'>opem</span> <span class='ocrx_word' id='word_1_187' title='bbox 990 2995 1077 3059; x_wconf 88' lang='lat' dir='ltr'>pres·</span> 
     </span>
     <span class='ocr_line' id='line_1_30' title="bbox 145 3071 1076 3150; baseline 0 -19"><span class='ocrx_word' id='word_1_188' title='bbox 145 3071 264 3148; x_wconf 86' lang='lat' dir='ltr'>byteris</span> <span class='ocrx_word' id='word_1_189' title='bbox 278 3073 310 3133; x_wconf 92' lang='lat' dir='ltr'>in</span> <span class='ocrx_word' id='word_1_190' title='bbox 326 3074 384 3134; x_wconf 89' lang='lat' dir='ltr'>hoc</span> <span class='ocrx_word' id='word_1_191' title='bbox 399 3074 558 3147; x_wconf 86' lang='lat' dir='ltr'>afferrent,</span> <span class='ocrx_word' id='word_1_192' title='bbox 581 3074 631 3133; x_wconf 86' lang='lat' dir='ltr'>vel</span> <span class='ocrx_word' id='word_1_193' title='bbox 650 3073 776 3134; x_wconf 90' lang='lat' dir='ltr'>illorum</span> <span class='ocrx_word' id='word_1_194' title='bbox 796 3073 930 3134; x_wconf 78' lang='lat' dir='ltr'>delectui</span> <span class='ocrx_word' id='word_1_195' title='bbox 949 3073 1076 3150; x_wconf 92' lang='lat' dir='ltr'>supple-</span> 
     </span>
     <span class='ocr_line' id='line_1_31' title="bbox 145 3165 1075 3245; baseline 0 -21"><span class='ocrx_word' id='word_1_196' title='bbox 145 3168 232 3236; x_wconf 87' lang='lat' dir='ltr'>rent;</span> <span class='ocrx_word' id='word_1_197' title='bbox 255 3167 388 3244; x_wconf 88' lang='lat' dir='ltr'>proinde</span> <span class='ocrx_word' id='word_1_198' title='bbox 410 3165 531 3226; x_wconf 86' lang='lat' dir='ltr'>facilius</span> <span class='ocrx_word' id='word_1_199' title='bbox 552 3167 602 3226; x_wconf 87' lang='lat' dir='ltr'>vel</span> <span class='ocrx_word' id='word_1_200' title='bbox 623 3166 781 3226; x_wconf 86' lang='lat' dir='ltr'>difficilius</span> <span class='ocrx_word' id='word_1_201' title='bbox 802 3184 859 3245; x_wconf 91' lang='lat' dir='ltr'>pro</span> <span class='ocrx_word' id='word_1_202' title='bbox 881 3165 1075 3226; x_wconf 88' lang='lat' dir='ltr'>necessitatis</span> 
     </span>
     <span class='ocr_line' id='line_1_32' title="bbox 145 3260 1074 3341; baseline 0 -20"><span class='ocrx_word' id='word_1_203' title='bbox 145 3260 195 3321; x_wconf 85' lang='lat' dir='ltr'>vel</span> <span class='ocrx_word' id='word_1_204' title='bbox 218 3277 342 3339; x_wconf 81' lang='lat' dir='ltr'>magnae</span> <span class='ocrx_word' id='word_1_205' title='bbox 367 3261 508 3323; x_wconf 89' lang='lat' dir='ltr'>utilitatis</span> <span class='ocrx_word' id='word_1_206' title='bbox 531 3263 632 3341; x_wconf 85' lang='lat' dir='ltr'>gradu</span> <span class='ocrx_word' id='word_1_207' title='bbox 657 3263 697 3323; x_wconf 88' lang='lat' dir='ltr'>ad</span> <span class='ocrx_word' id='word_1_208' title='bbox 721 3264 781 3324; x_wconf 93' lang='lat' dir='ltr'>hoc</span> <span class='ocrx_word' id='word_1_209' title='bbox 805 3281 919 3323; x_wconf 92' lang='lat' dir='ltr'>munus</span> <span class='ocrx_word' id='word_1_210' title='bbox 946 3261 1074 3322; x_wconf 89' lang='lat' dir='ltr'>admissi</span> 
     </span>
     <span class='ocr_line' id='line_1_33' title="bbox 145 3356 1075 3437; baseline 0.001 -21"><span class='ocrx_word' id='word_1_211' title='bbox 145 3362 229 3417; x_wconf 89' lang='lat' dir='ltr'>sunt.</span> <span class='ocrx_word' id='word_1_212' title='bbox 246 3356 336 3418; x_wconf 89' lang='lat' dir='ltr'>Unde</span> <span class='ocrx_word' id='word_1_213' title='bbox 350 3375 475 3437; x_wconf 88' lang='lat' dir='ltr'>semper</span> <span class='ocrx_word' id='word_1_214' title='bbox 488 3357 586 3420; x_wconf 88' lang='lat' dir='ltr'>habiti</span> <span class='ocrx_word' id='word_1_215' title='bbox 600 3362 675 3421; x_wconf 85' lang='lat' dir='ltr'>sunt</span> <span class='ocrx_word' id='word_1_216' title='bbox 689 3359 774 3422; x_wconf 89' lang='lat' dir='ltr'>velut</span> <span class='ocrx_word' id='word_1_217' title='bbox 788 3358 1031 3434; x_wconf 73' lang='lat' dir='ltr'>extraordinarii,</span> <span class='ocrx_word' id='word_1_218' title='bbox 1043 3364 1075 3418; x_wconf 89' lang='lat' dir='ltr'>et</span> 
     </span>
     <span class='ocr_line' id='line_1_34' title="bbox 144 3452 1074 3534; baseline 0.001 -21"><span class='ocrx_word' id='word_1_219' title='bbox 144 3452 322 3516; x_wconf 89' lang='lat' dir='ltr'>subsidiarii</span> <span class='ocrx_word' id='word_1_220' title='bbox 345 3453 476 3516; x_wconf 90' lang='lat' dir='ltr'>ministri</span> <span class='ocrx_word' id='word_1_221' title='bbox 500 3455 710 3534; x_wconf 86' lang='lat' dir='ltr'>baptismatis;</span> <span class='ocrx_word' id='word_1_222' title='bbox 727 3456 760 3516; x_wconf 91' lang='lat' dir='ltr'>in</span> <span class='ocrx_word' id='word_1_223' title='bbox 779 3456 838 3516; x_wconf 90' lang='lat' dir='ltr'>boc</span> <span class='ocrx_word' id='word_1_224' title='bbox 860 3473 925 3534; x_wconf 83' lang='lat' dir='ltr'>praa</span> <span class='ocrx_word' id='word_1_225' title='bbox 954 3455 1074 3518; x_wconf 87' lang='lat' dir='ltr'>caeteris</span> 
     </span>
    </p>
   </div>
   <div class='ocr_carea' id='block_1_5' title="bbox 0 0 1242 4022">
    <p class='ocr_par' dir='ltr' id='par_1_7' title="bbox 0 0 1242 4022">
     <span class='ocr_line' id='line_1_35' title="bbox 0 0 1242 4022; baseline 0 1"><span class='ocrx_word' id='word_1_226' title='bbox 0 0 1242 4022; x_wconf 95' lang='lat' dir='ltr'> </span> 
     </span>
    </p>
   </div>
  </div>
 </body>
</html>
