2548 4020
373 276 411 326 un
432 279 560 328 oasncro
580 277 662 328 sunts
685 281 839 330 canorum.
1011 275 1069 333 253

144 425 283 487 Ecclesia
296 425 412 506 publici
422 425 667 498 cultushonores
678 429 816 489 concessi
823 448 832 502 ;
844 446 954 508 parum
964 435 1070 494 entem

144 527 270 584 curatur
293 522 377 601 quod
400 540 516 585 nomeu
540 524 735 602 exploratum
759 523 813 599 sit,
838 524 1007 589 dummodo
1032 529 1072 590 de

144 636 277 696 persona
306 623 447 693 constet,
475 636 570 696 quam
597 621 748 698 tanquam
776 624 916 682 sanctam
944 622 1073 687 coluerit

144 715 293 776 Ecclesia.
310 717 396 775 Tunc
408 714 553 776 dicuntur
566 714 706 793 reliquie
714 715 876 794 baptizari,
892 735 948 778 seu
958 736 1073 779 nomen

144 811 270 890 aliquod
289 811 349 872 illis
367 810 551 889 impunitum
572 811 632 872 hoc
651 816 756 872 tamen
776 811 996 892 appellativum
1017 832 1074 876 seu

144 907 285 986 pluribus
299 925 467 970 commuue
492 913 549 986 est,
573 908 658 988 quod
671 908 817 988 exprimit
829 911 1025 974 sanctitatem
1044 919 1074 974 et

145 1003 277 1083 gloriam
291 1008 325 1065 ut
340 1003 421 1066 absit
443 1005 654 1082 mendacium,
681 1005 725 1066 uti
749 1023 849 1084 graece
871 1007 1072 1086 Theophilus,

145 1097 376 1160 Theodorus...
393 1097 488 1159 latine
503 1099 700 1176 PiusEelix,
716 1100 833 1162 Victor.

183 1197 215 1255 2⁰
228 1196 267 1258 Ut
282 1212 395 1273 corpus
409 1212 521 1256 revera
542 1195 581 1255 sit
602 1195 828 1273 authenticum,
853 1197 884 1257 id
909 1203 967 1273 est,
992 1197 1074 1258 illius

146 1288 243 1351 sancti
259 1288 347 1365 cujus
362 1305 477 1348 nomen
491 1287 618 1366 profert.
635 1289 702 1349 Hoc
716 1293 749 1348 ut
769 1288 877 1350 sedulo
900 1297 1073 1367 caveretur,

145 1383 280 1445 decrerit
294 1383 509 1446 Tridentiuum
523 1382 625 1442 nullas
643 1399 740 1443 novas
759 1383 908 1462 reliquias
922 1385 1074 1463 reeipien-

130 1480 286 1541 -dasnisi
309 1485 552 1558 recognoscente
577 1485 607 1538 et
629 1478 823 1557 approbante
846 1481 1004 1558 episcopo,
1022 1481 1074 1558 qui

146 1575 251 1637 audito
274 1575 437 1636 doctorum
456 1575 642 1655 piorumque
666 1572 795 1634 consilio
819 1575 850 1636 id
872 1574 968 1637 faciet
992 1575 1075 1655 quod

146 1671 266 1733 veritati
282 1677 313 1732 et
326 1670 433 1750 pietati
451 1675 708 1732 consentaneum.
733 1669 792 1732 Ubi
817 1669 982 1732 difficultas
1005 1689 1077 1750 gra-

146 1768 212 1829 vior
234 1769 365 1844 apparet
386 1783 444 1826 nec
466 1765 557 1827 facile
581 1765 768 1846 superanda,
794 1764 887 1827 debet
905 1769 1075 1846 antequam

147 1862 353 1941 questionem
369 1862 505 1935 dirimat,
521 1865 684 1940 expectare
698 1861 928 1938 metropolitani
944 1867 975 1922 et
991 1879 1078 1921 oom-

146 1957 384 2036 provinoialium
411 1957 628 2036 episcoporum
666 1956 850 2018 sententiam
882 1956 913 2015 in
946 1955 1077 2016 concilio

145 2053 345 2133 provinciali;
367 2055 411 2115 ita
429 2059 535 2115 tamen
554 2059 588 2112 ut
610 2051 688 2114 nihil
702 2051 842 2111 Romano
858 2050 1006 2112 Pontifiee
1029 2051 1077 2111 in-

146 2147 422 2219 consultonovum
436 2151 491 2209 aut
508 2148 539 2207 in
561 2147 699 2208 Ecclesia
720 2146 873 2208 hactenus
897 2147 1077 2208 inusitatum

146 2244 346 2306 decernatur.

186 2341 341 2401 Gaetcrum
370 2338 471 2401 cultus
499 2339 699 2418 reliquiarum
722 2338 764 2400 ab
791 2337 929 2400 Ecclesia
953 2337 1078 2399 condita

148 2437 338 2517 repetendus
367 2443 433 2510 est,
465 2436 617 2515 siquidem
647 2453 731 2515 saepe
759 2437 791 2497 S.
820 2435 959 2514 reliquiae
988 2438 1079 2495 erant

149 2550 245 2595 causa
260 2532 405 2596 Ecclesiae
425 2532 618 2610 dedicandae,
644 2551 728 2613 saepe
750 2532 861 2595 altaria
883 2550 979 2612 super
992 2550 1078 2594 sanc

149 2637 254 2691 torum
281 2646 412 2708 corpora
441 2629 661 2710 erigebantur,
691 2638 745 2692 aut
772 2629 808 2701 iis
836 2629 1080 2709 imponebantur

87 2778 90 2785 .
151 2726 290 2804 reliquiae
305 2726 336 2784 in
350 2726 443 2788 theca
457 2726 597 2802 inclusae,
609 2743 725 2804 easque
735 2725 842 2788 fideles
852 2727 948 2805 edos,
962 2728 1078 2805 oculos,

150 2824 342 2898 caeterosque
358 2837 469 2883 seusus
483 2819 702 2900 admovebant,
720 2825 752 2883 et
765 2822 997 2884 osculabantur.
1019 2822 1081 2884 Sed

151 2914 323 2992 prasertim
338 2914 552 2992 antiquissimo
572 2921 604 2976 et
622 2914 723 2977 ubivis
744 2921 869 2995 recepta
888 2915 1081 2976 consuetudo

151 3009 211 3070 fert
226 3015 260 3070 ut
273 3012 452 3072 sanctorum
466 3010 606 3090 reliquiae
625 3010 657 3070 in
680 3011 913 3071 consecratione
937 3009 1082 3070 ecclesia.

151 3123 223 3166 rum
237 3111 268 3166 et
282 3107 425 3168 altarium
440 3106 658 3169 adhibeantur.

383 3330 387 3334 ,
431 3289 443 3336 ε
458 3283 505 3329 111.
521 3295 549 3328 us
563 3293 643 3328 sacnrs
657 3291 803 3326 rurorursus.

133 3368 134 3371 Ἴ
194 3391 245 3455 ΧΙ.
261 3393 361 3455 Etiam
374 3393 527 3474 imagines
547 3391 670 3464 Christi,
695 3391 800 3451 Beatos
824 3388 928 3450 Maria
946 3390 1084 3471 Virginis

156 3494 187 3550 et
213 3490 399 3551 Sanctorum
426 3495 481 3550 aut
508 3487 667 3566 sculptiles
694 3493 748 3548 aut
770 3488 929 3565 impressae
957 3488 1085 3549 retineri

244 3599 309 3640 corr.
331 3601 361 3639 11.
968 3586 999 3638 ld
