2548 4020
189 309 245 367 {76
393 319 620 366 lnsrmtmortns
641 321 723 366 tutus
745 319 900 365 canorum.

226 472 258 528 2⁰
273 465 473 545 subsequens
494 481 556 526 non
578 463 710 536 dirimit3
728 465 802 543 quia
821 468 890 525 tum
912 463 1030 542 divino,
1046 470 1116 527 tum

186 563 394 627 ecelesiastioo
406 563 477 642 jure
491 560 725 623 matrimonium
739 563 787 622 est
800 559 1027 623 indissolubile.
1122 600 1125 606 -

180 733 185 741 ,
224 668 257 726 3⁰
280 660 477 723 Anteeedens
500 660 652 737 perpetua
680 656 796 735 passim
824 656 939 742 dieitur
966 657 1116 720 dirimere

185 758 418 821 matrimonium
438 756 477 816 de
497 754 569 834 jure
591 752 725 814 naturali
744 757 776 815 et
793 754 927 833 positivo
949 755 1114 817 ecelesias-

184 857 256 918 tien.

225 949 314 1024 Quod
335 950 470 1028 pertinet
483 947 523 1008 ad
537 946 586 1026 jus
607 944 761 1022 naturale,
777 944 893 1006 dieitur
913 963 951 1006 ex
970 964 1006 1006 eo
1027 948 1113 1026 quod

183 1047 253 1108 finis
273 1043 507 1124 propagationis
529 1041 645 1103 sobolis
666 1041 706 1102 sit
726 1039 872 1121 conjugio
897 1040 1072 1102 essentialis
1088 1041 1109 1102 ¹.

184 1143 246 1206 Sed
269 1141 330 1202 hoo
353 1139 470 1219 patitur
499 1155 563 1199 non
586 1138 671 1199 leves
695 1137 906 1216 exceptiones.
936 1139 1015 1198 Nam
1037 1137 1113 1200 lieet

182 1237 415 1299 matrimonium
429 1236 468 1296 sit
482 1233 622 1296 medium
641 1232 834 1294 ordinarium
849 1252 868 1294 a
882 1236 995 1294 natura
1012 1251 1112 1312 praes-

181 1330 309 1393 titutum
318 1328 359 1390 ad
370 1327 630 1408 propagationem
639 1327 755 1405 speeiei
765 1326 993 1402 humanae,non
1003 1330 1110 1389 tamen

183 1428 233 1488 hio
249 1431 295 1490 est
313 1428 384 1486 finis
405 1426 458 1506 qui
480 1423 668 1486 determinat
689 1426 876 1501 oonoeptum
896 1422 989 1503 hujus
1011 1424 1111 1485 sonio-

181 1523 264 1585 tatis.
288 1525 368 1582 Nam
388 1521 459 1581 finis
483 1519 649 1599 primarius
671 1519 861 1582 matrimonii
882 1525 929 1580 est
947 1519 1111 1582 individua

181 1619 252 1679 vitae
276 1616 455 1697 oonjunetio
479 1617 520 1677 ad
545 1633 710 1677 commune
738 1615 947 1695 adjutorium3
977 1616 1109 1695 proinde

181 1711 340 1773 videretur
362 1712 484 1790 eonoipi
506 1729 597 1791 posse
621 1711 871 1788 matrimonium,
893 1713 977 1774 nullo
1000 1712 1109 1774 habito

180 1813 324 1886 respectu
345 1806 386 1866 ed
403 1808 554 1896 ,oopulam
575 1807 790 1887 conjugalem,
808 1813 839 1868 et
856 1826 928 1869 oum
948 1808 1111 1870 renuntia-

155 1975 158 1982 „
180 1902 263 1963 tione
280 1902 345 1983 juri
366 1902 449 1981 quod
474 1902 546 1963 inde
562 1921 599 1963 ex
613 1904 673 1964 hae
693 1903 842 1966 sooietate
865 1907 1047 1966 nasoeretur
1067 1904 1110 1964 ad

179 1993 274 2073 prolis
288 1995 548 2075 procreationem.

218 2089 309 2149 Adde
331 2089 416 2167 quod
439 2091 538 2152 veteri
557 2090 644 2171 jure,
668 2092 843 2170 praesertim
870 2090 1017 2153 Eoolesiae
1046 2095 1109 2154 Ro-

179 2202 291 2261 manae,
307 2185 433 2247 videtur
453 2186 686 2248 consideratum
707 2188 966 2269 impedimentum
987 2189 1109 2268 ligami-

179 2278 226 2340 nis
255 2281 349 2344 etiam
371 2281 404 2341 in
427 2270 608 2361 hujusmodi
635 2282 853 2362 impotentium
880 2283 1106 2361 matrimoniis,

178 2378 335 2457 praecipue
354 2378 480 2456 quando
502 2383 612 2440 notum
626 2383 700 2440 erat
719 2379 896 2459 hujusmodi
915 2381 1108 2460 impotentiae

178 2470 287 2532 vitium
302 2474 374 2532 ante
388 2474 597 2546 eontraotum3
614 2476 649 2534 ut
662 2473 769 2534 videre
785 2474 873 2535 estin
883 2475 972 2536 titulo
988 2475 1027 2536 de
1043 2475 1125 2559 Friq

176 2564 267 2642 gidia

217 2654 307 2724 Quod
318 2672 393 2715 vero
403 2657 539 2734 pertinet
548 2657 649 2739 adjus
659 2660 855 2738 eanonioum,
868 2664 997 2724 affertur
1008 2663 1108 2741 quod-

176 2747 249 2808 dam
270 2748 367 2808 breve
391 2749 468 2810 Sixti
491 2753 518 2813 V
542 2753 627 2830 quod
649 2755 807 2834 profertur
827 2760 895 2817 tum
916 2776 936 2817 a
950 2757 1104 2834 Sanohez,

175 2846 243 2903 tum
268 2843 362 2906 etiam
386 2863 405 2904 a
429 2844 610 2923 airaldtin'
629 2866 749 2928 eap.1v
769 2851 808 2912 de
823 2852 966 2932 Frigidis.
986 2852 1049 2914 Sed
1061 2853 1106 2914 ibi

206 3065 295 3115 tcum
310 3065 383 3114 enim
402 3065 574 3128 procreanda
594 3063 696 3118 sobolis
715 3080 804 3130 eausa,
820 3069 923 3130 nuptiae
942 3076 1107 3134 comparatae

173 3143 238 3205 sint,
252 3141 286 3192 ad
300 3144 446 3193 essentiam
460 3143 629 3194 matrimonii
643 3145 762 3210 pertinet
776 3148 899 3209 potentia
920 3149 1044 3212 perfectae
1059 3164 1106 3200 oo-

173 3220 245 3282 pnlae
260 3221 404 3283 habendae,
412 3222 470 3272 sine
482 3236 536 3287 qua
546 3223 591 3272 hie
599 3223 662 3272 finis
672 3235 728 3274 non
737 3228 826 3288 potest
836 3226 963 3277 obtineri.
976 3229 1107 3288 Quamvis

174 3299 266 3357 enim,
287 3303 318 3350 ut
334 3302 374 3350 ait
395 3303 422 3351 S.
441 3301 571 3365 Thomas,
593 3302 710 3353 earnalis
730 3301 832 3366 oopnlae
850 3309 924 3356 aetus
940 3321 997 3357 non
1017 3309 1052 3357 sit
1071 3309 1106 3358 de

174 3376 291 3427 essentia
306 3379 488 3442 matrimonii,
498 3381 620 3444 potentia
632 3385 725 3432 nmen
738 3383 772 3432 ad
781 3383 833 3434 hoe
847 3387 888 3435 est
899 3387 932 3436 de
943 3385 1001 3449 eJ'us
1015 3398 1107 3436 essen·

173 3455 220 3518 tie,
236 3455 300 3517 qnia
312 3469 360 3518 per
375 3458 582 3508 matrimonium
598 3459 680 3511 datur
694 3461 844 3526 unicuique
860 3464 969 3529 conjugi
984 3469 1106 3530 potestas

174 3531 202 3580 in
216 3542 326 3594 corpore
341 3533 452 3584 alterins
466 3541 590 3598 respectu
604 3540 720 3591 carnalis
733 3541 847 3605 copulae.
