2530 4016
203 259 262 318 326
410 264 640 316 rnsrlrumoues
661 263 744 316 suuis
765 263 921 315 cenorum.

370 418 382 464 fl
397 413 431 458 11.
446 425 474 458 ou
489 424 649 458 ouurcnrorurs
664 424 830 471 orulrrorusus
845 425 965 460 rrurnruu.

241 525 293 586 lV.
319 523 488 601 Quousque
512 522 658 584 Ecclesiae
683 523 757 583 satis
781 523 944 600 provisum
969 527 1020 586 est
1043 543 1135 604 spou-

199 617 300 678 taneis
315 615 455 677 fidelium
469 615 688 693 oblationibus,
706 616 746 676 ab
761 616 956 696 obligatoriis
971 621 1136 681 contribu-

200 712 337 775 tionibus
355 712 553 790 imponendis
573 710 719 773 fidelibus
735 713 899 774 abstinuit.
923 713 987 776 Sed
1006 716 1134 794 quando

201 809 382 892 hujusmodi
405 809 591 886 oblationes,
606 808 792 889 frigescente
807 807 949 869 fidelium
963 809 1131 887 charitate,

200 908 343 968 imminui
357 912 521 986 coeperunt
535 925 593 970 nec
607 907 675 968 aliis
696 905 808 967 mediis
828 905 904 968 satis
923 910 1006 969 esset
1028 909 1135 986 provi-

201 1021 271 1064 sum
292 1002 470 1064 necessitati
483 1002 642 1079 Ecclesiae,
660 1001 768 1064 debuit
778 1001 850 1087 jure
865 1021 922 1064 suc
937 1003 993 1079 uti,
1006 1021 1062 1064 seu
1078 1003 1134 1063 im-

201 1118 318 1179 ponere
332 1098 477 1160 fidclihus
492 1098 694 1178 obligatorias
718 1099 976 1176 contributiones,
996 1102 1032 1160 ut
1053 1099 1134 1180 legis

200 1197 331 1274 imperio
346 1195 378 1254 id
394 1197 579 1273 praestarent
594 1192 678 1272 quod
704 1194 856 1257 charitate
879 1194 1043 1270 suadente,
1070 1214 1133 1258 uon

201 1292 335 1371 amplius
348 1291 551 1371 praestabant.

240 1389 308 1447 Non
323 1376 414 1448 aliter
433 1385 561 1466 politica
583 1383 763 1462 respublica
783 1383 917 1463 imponit
937 1385 1059 1447 civibus
1080 1387 1133 1449 tri-

199 1485 288 1559 buta,
304 1489 339 1544 ut
353 1485 408 1562 qui
421 1481 578 1543 societatis
587 1482 726 1542 sentiunt
736 1481 947 1558 commodum,
961 1481 1065 1544 eidem
1075 1501 1133 1562 pro

200 1579 356 1641 societatis
370 1577 609 1640 conservatione
625 1577 815 1655 conspirent.

240 1672 426 1752 Hujusmodi
450 1669 644 1750 obligatorias
669 1669 885 1748 praelationes
906 1668 1134 1732 ofidelibus'in
1249 1697 1250 1736 ι

199 1766 372 1828 Ecclesiam
387 1763 554 1844 erogandae
568 1763 696 1826 ¹fuerunt
710 1770 719 1826 ':
738 1767 768 1824 l⁰
777 1763 934 1843 primitiae,
946 1768 976 1825 2·
986 1763 1130 1826 decima.
1249 1771 1250 1800 ³

240 1865 276 1926 V.
293 1896 333 1908 —
348 1864 379 1922 l⁰
393 1860 436 1922 oe
450 1859 585 1924 Decimio.
601 1893 641 1904 -
654 1861 763 1940 ltaque
779 1860 838 1920 sub
859 1855 953 1920 finem
971 1860 1057 1920 tertii
1075 1877 1134 1922 sae·

199 1955 272 2032 culi,
290 1955 339 2016 vel
354 1957 466 2034 quarto
481 1953 595 2016 saeculo
617 1955 756 2030 ineunte,
777 1971 849 2014 cum
870 1954 985 2014 sensim
1003 1953 1133 2014 refrixe-
1249 1957 1250 1966 ’

199 2051 382 2113 ritcbaritas
396 2050 536 2113 fidelium
551 2053 583 2111 ct
596 2048 767 2110 admodum
781 2067 884 2128 pauca
898 2053 929 2112 ct
940 2038 1028 2129 aegra
1042 2051 1132 2110 offer·
1249 2023 1250 2064 ³

200 2151 309 2208 rentur
323 2165 392 2226 quae
413 2145 512 2208 cultui
533 2146 732 2226 peragendo,
758 2145 907 2208 ministris
930 2145 1067 2222 alendis,
1094 2163 1133 2206 ac
1249 2157 1250 2160 ’

200 2242 393 2322 pauperibus
407 2241 459 2302 vix
473 2241 664 2318 sufficerent,
675 2259 851 2320 proponere
867 2241 1011 2302 fidelibus
1026 2259 1134 2319 coepe-

199 2342 273 2400 runt
286 2341 402 2416 patres,
418 2339 436 2399 J
439 2337 603 2398 udaeorum
617 2336 807 2417 exemplum,
825 2337 877 2416 qui
896 2355 934 2397 ex
948 2336 1056 2397 diviua
1070 2337 1132 2396 ins-

197 2433 343 2496 titutione
360 2433 514 2514 (Levitio.,
530 2437 580 2508 26,
597 2433 647 2512 30)
666 2434 808 2494 Decimae
822 2432 925 2494 levitis
940 2438 971 2494 et
984 2431 1134 2494 sacerdo·

198 2531 283 2591 tibus
297 2530 480 2593 tundebant.
497 2530 544 2591 Ita
564 2522 749 2608 Cyprianus,
770 2528 989 2607 Hycrouimus,
1006 2530 1131 2608 Augus·
1249 2599 1250 2604 γ

198 2632 293 2779 unffi·
305 2717 424 2779 crebris
437 2726 563 2798 patrum
578 2719 849 2789 adhortationibus
871 2718 1001 2798 contigit
1015 2723 1050 2778 ut
1062 2717 1132 2796 plu·

198 2811 286 2873 ribus
304 2811 337 2872 in
357 2811 434 2872 locis
457 2813 685 2890 solvendarum
709 2813 903 2874 decimarum
931 2812 1129 2874 consuetudo
1249 2793 1250 2808 ἶ

197 2909 383 2971 inolesceret
397 2909 496 2970 donee
510 2909 574 2970 iim
592 2909 672 2988 legis
695 2909 876 2986 obtinuerit,
896 2910 1075 2989 praesertim
1096 2906 1130 2966 in

198 3005 366 3066 Occidente
392 3025 399 3066 ε
423 3019 485 3067 non
512 2995 586 3066 inde
613 3010 719 3066 tamen
748 3006 853 3068 statim
876 3005 982 3085 aliqua
1005 3005 1129 3066 coactio

197 3100 338 3162 adbibita
354 3105 400 3162 est
414 3102 463 3162 vel
476 3119 572 3180 poena
585 3102 617 3162 in
635 3106 883 3180 transgressores
906 3101 1037 3161 indicta.
1061 3099 1129 3160 Pri-

196 3211 284 3254 mum
298 3185 537 3255 monumentum
551 3193 719 3256 sanctionis
734 3193 867 3273 poenalis
878 3211 942 3272 qua
955 3192 1078 3252 munita
1088 3192 1129 3252 sit

196 3289 308 3350 solutio
333 3289 541 3366 decimarum,
565 3291 656 3350 offert
677 3289 767 3350 nobis
788 3289 956 3350 concilium
979 3287 1129 3349 Matisco-

195 3387 343 3460 nensell,
361 3385 475 3446 saeculo
496 3402 538 3447 vr.
570 3385 631 3446 Sed
659 3387 774 3448 saeculo
801 3403 833 3446 rx
861 3390 892 3448 ct
919 3383 1126 3465 sequentibus
1249 3395 1250 3410 *

194 3478 867 3560 saeculis,tumscclesiastiois,tumcivilibus
882 3480 1128 3542 coercitionibus
1160 3506 1163 3511 ·
