2530 4016
190 332 247 388 334
397 339 625 390 rusr1rur1ouus
646 339 728 385 runrs
752 339 907 386 enuorucr.

189 484 373 562 actionales,
400 490 561 548 cesserunt
583 485 692 547 favore
706 485 824 564 publici
842 486 961 560 aerarii;
978 491 1010 548 et
1023 504 1120 567 opere

189 581 451 644 concordatorum
471 581 633 659 provisum
656 585 704 643 est
728 587 765 641 ut
783 579 945 659 publicum
972 582 1120 644 aerarium

188 695 309 739 annuas
330 677 430 740 solvat
452 677 618 757 pensiones
646 677 753 739 favore
777 676 992 738 ministrorum
1015 678 1118 741 cultus

190 774 302 845 divini;
334 771 625 850 alicubi-Ecclesia,
652 778 687 833 ut
709 771 831 834 accedit
856 773 1032 850 praesertim
1062 775 1119 836 sub

188 870 355 930 schismate
370 868 548 947 anglicano,
566 868 649 947 quod
664 867 723 928 sibi
740 866 878 928 furatum
900 869 946 928 est
962 868 1049 931 boue
1062 871 1121 931 Ec-

189 965 290 1026 clesiae
305 964 477 1040 catholice,
496 968 605 1026 coacta
624 967 671 1025 est
691 963 797 1024 vivere
811 963 1021 1025 oblationibus
1044 965 1120 1027 fide·

187 1060 264 1121 lium
278 1059 357 1120 adeo
377 1062 411 1121 ut
425 1059 478 1139 jus
497 1059 537 1120 ad
552 1062 723 1136 proventus
736 1058 926 1137 temporales
940 1060 1045 1122 officio
1060 1061 1119 1123 cle·

188 1153 276 1214 riccli
286 1153 479 1232 respondens
489 1151 587 1232 sitjus
596 1152 768 1231 recipiendi
777 1152 918 1214 fidelium
931 1152 1117 1215 oblationes.

227 1252 283 1311 Hae
306 1252 379 1310 suut
401 1248 630 1311 vicissitudines
654 1248 767 1330 quibus
793 1247 949 1328 subjacuit
970 1248 1118 1311 adminis-

187 1347 279 1411 tratio
294 1345 410 1426 peculii
430 1345 632 1408 ecclesiastici
652 1344 809 1406 inordiue
830 1344 872 1406 ad
886 1345 1120 1424 providendum

188 1443 318 1504 clericos
345 1443 384 1503 de
412 1442 483 1504 vitoe
509 1441 702 1503 necessariis.
729 1441 899 1506 Videamus
927 1459 1006 1522 quas
1033 1443 1119 1504 vices

186 1538 318 1600 subierit
337 1557 375 1599 cx
398 1555 437 1599 ea
459 1542 548 1618 perte
572 1555 642 1619 quae
665 1541 785 1620 spectet
802 1537 938 1600 fabricas
960 1537 1120 1600 ecclesias-

187 1633 276 1709 ticas‚
292 1636 347 1694 aut
360 1652 546 1713 pauperum.
646 1649 676 1714 ζ·

226 1730 270 1788 De
285 1728 343 1788 hec
358 1746 393 1788 re
407 1729 558 1790 nonnulla
572 1729 636 1790 dixi
650 1732 802 1808 sequutus
812 1728 932 1791 Walter
942 1728 980 1790 de
991 1727 1119 1790 fabricis

187 1823 413 1901 ecelesiasticis,
425 1827 456 1886 et
470 1823 509 1885 de
524 1824 742 1904 hospitalibus.

570 2023 675 2074 CAPUT
691 2023 736 2072 111.

309 2169 341 2208 DE
356 2167 559 2208 insecuturus
577 2166 709 2206 ECCLESIAE
726 2167 806 2206 BONIS
823 2165 998 2208 surcularis.

226 2313 250 2370 Ι.
266 2310 354 2370 Bona
367 2309 515 2370 Ecclesiae
529 2307 715 2387 temporalia
729 2324 792 2368 uon
811 2308 929 2370 habeut
946 2307 1068 2387 aliquid
1085 2310 1115 2370 in

186 2410 298 2468 uetura
307 2409 408 2468 sua-ut
417 2424 437 2466 a
446 2405 566 2467 cacteris
579 2403 805 2483 temporalibus
819 2403 910 2466 bonis
922 2405 1116 2486 distinguan-

184 2507 252 2576 tur;
270 2508 302 2564 at
315 2505 381 2564 tota
395 2501 572 2563 differentia
586 2519 649 2580 que
667 2519 686 2561 a
705 2502 825 2563 caeteris
844 2500 939 2564 rebus
953 2502 1113 2582 differunt,

185 2615 254 2677 quae
270 2598 387 2660 suntin
402 2597 542 2660 dominio
557 2597 711 2674 seculari,
727 2615 760 2659 se
774 2601 861 2660 tenet·
874 2597 915 2659 ab
925 2597 1112 2675 extrinseco,

184 2690 330 2752 videlicet
343 2691 484 2753 consistit
496 2691 529 2752 iu
544 2692 762 2754 destinatione.
774 2693 792 2753 J
795 2709 921 2753 amvero
932 2691 1024 2754 sicuti
1034 2692 1115 2754 hanc

184 2785 424 2848 destinationem
444 2787 612 2866 acquirunt
632 2805 705 2848 cum
724 2790 889 2851 transeunt
911 2788 944 2848 in
965 2789 1114 2850 Ecclesia

182 2875 370 2960 dominium,
394 2882 439 2944 ita
459 2881 645 2961 acquisitam
664 2883 826 2960 amittunt,
851 2882 1007 2962 siquidem
1026 2886 1114 2945 extra

183 2976 331 3038 Ecclesiae
346 2975 519 3038 dominium
533 2974 772 3037 const'tuautur.
785 2977 882 3040 Porro
893 2973 1010 3054 duplici
1020 2976 1114 3037 modo

183 3071 365 3151 contingere
389 3074 492 3150 potest
515 3075 549 3134 ot
571 3088 623 3131 res
646 3071 835 3148 temporales
858 3073 948 3132 extra
965 3069 1113 3130 Ecclesiae

183 3167 356 3228 dominium
385 3169 622 3244 constituantur,
659 3167 804 3229 videlicet
842 3171 873 3226 l⁰
907 3166 1111 3244 alienatione,

181 3266 213 3322 2⁰
234 3263 495 3342 praescriptione:
521 3266 690 3344 utrumque
712 3263 843 3324 modum
860 3264 1000 3326 breviter
1013 3264 1112 3324 cousi-

168 3403 170 3407 ,
182 3346 338 3435 daremus,
352 3364 387 3419 ut
397 3359 623 3422 constituemus
640 3377 709 3440 quac
720 3360 923 3440 requiruntur
934 3363 968 3422 ut
977 3363 1111 3438 utraque

179 3447 320 3526 legitima
334 3451 482 3514 habenda
495 3453 544 3529 sit,
562 3459 594 3517 et
606 3457 758 3534 tauquam
771 3456 884 3518 modus
898 3452 1111 3518 transferendi

183 3543 353 3604 dominium
367 3546 524 3608 bonorum
539 3550 830 3614 ecclesiasticorum.
