2476 4022
195 237 235 302 ld
402 249 629 300 rnsrirurrcuns
651 253 733 298 runis
755 251 911 298 onuounn.

196 403 271 465 riter
290 404 451 481 receptum
475 404 532 475 est,
558 403 592 461 ut
613 400 710 480 tradit
732 399 942 462 catechismus
966 398 1065 475 mid,
1090 402 1124 461 ut

194 497 253 557 illis
268 499 339 558 ante
361 495 558 575 septennium
579 513 642 554 non
663 495 853 570 conferatur,
876 494 949 555 licet
970 511 1032 554 non
1054 511 1123 572 pro-

194 591 339 652 hibeatur
367 591 533 669 quominus
557 590 663 670 aliqua
685 587 817 669 urgente
838 587 924 668 justa
947 607 1052 672 causa
1065 588 1125 650 illis

194 686 292 766 possit
313 689 386 746 ante
411 673 529 746 dictam
551 689 676 748 aetatem
698 704 755 764 pro
780 685 919 763 episcopi
942 685 1071 746 consilio
1095 688 1126 746 et

194 770 359 861 prudentia
386 780 616 855 administrari;
647 781 731 861 quod
759 779 955 861 potissimum
989 779 1125 840 instante

193 884 294 938 morte
308 876 490 952 attenditur,
513 896 552 937 ne
574 881 743 957 augmento
765 877 874 956 gratiae
897 879 928 938 et
948 875 1057 956 gloriae
1078 875 1125 936 in-

193 974 294 1034 fantes
313 971 548 1033 defraudentur.
573 974 647 1033 Hac
668 973 810 1052 exceptio
831 972 951 1052 regula¹
968 971 1125 1051 generalis

193 1067 377 1146 supponitur
410 1067 451 1127 ab
484 1068 552 1146 ipso
580 1069 751 1147 pontificali
778 1086 928 1145 romano,
965 1071 1000 1128 ut
1026 1066 1126 1129 tradit

191 1147 722 1244 mmmawmmn

232 1259 272 1316 At
290 1257 429 1318 Ecclesia
450 1258 609 1320 orientalis
630 1259 688 1320 fuit
707 1263 836 1322 vetustae
858 1257 1029 1338 disciplina
1051 1259 1124 1320 reti-

191 1353 384 1430 nentissima‚
406 1357 437 1415 st
459 1354 639 1419 immediate
664 1360 734 1434 post
756 1356 914 1434 baptisma
936 1355 996 1416 hoc
1019 1371 1124 1416 sacra-

192 1453 333 1510 mentum
348 1449 478 1512 contert.
500 1453 579 1512 Nam
598 1470 656 1513 nec
674 1452 759 1514 valet
778 1469 836 1533 pro
856 1451 899 1512 eis
919 1448 1124 1532 primaratio

191 1545 337 1621 adducta,
354 1545 491 1626 quando,
507 1551 543 1609 ut
556 1547 701 1625 diximus,
718 1549 804 1627 apud
823 1565 877 1609 eos
897 1547 937 1608 ah
956 1547 1125 1606 immemo-

190 1639 284 1700 rabili
300 1641 399 1703 evasit
412 1641 444 1702 iu
459 1646 647 1720 potestatem
665 1644 925 1728 presbyterorum¹
940 1646 976 1704 ut
994 1641 1055 1702 hoe
1073 1659 1124 1702 sa-

190 1739 386 1798 cramentum
400 1738 574 1801 conferant.
591 1742 660 1800 Non
675 1740 823 1816 secunda,
841 1739 925 1820 quia,
942 1742 976 1801 ut
985 1738 1125 1800 advertit

97 1850 99 1854 ·
189 1833 223 1894 P.
241 1834 358 1894 Drcuet
378 1833 489 1896 allatus
512 1852 531 1895 a
551 1835 667 1922 Beneod.
692 1837 761 1900 XIV
779 1835 870 1912 ibid,
893 1833 994 1896 Latini
1013 1832 1122 1894 decori
1218 1873 1219 1882 ι

188 1928 289 2008 magis
310 1931 342 1989 et
361 1928 504 2009 dignitati
523 1931 711 1992 sacramenti
729 1934 908 2009 respectum
928 1929 1120 2008 habuerunt,

189 2025 287 2086 Graeci
302 2043 376 2086 vero
393 2025 433 2086 ad
448 2026 584 2106 subjecti
597 2027 763 2090 utilitatem
782 2027 896 2107 magis,
919 2029 954 2088 ut
974 2025 1123 2088 videlicet

189 2116 343 2198 quidquid
363 2119 472 2200 gratiae
491 2118 649 2201 poterunt,
671 2119 845 2201 promptius
864 2118 1030 2202 neophytis
1048 2136 1122 2200 pro·

187 2219 344 2278 curarent.

490 2371 538 2422 ΙΙΙ.
551 2373 583 2420 lle
595 2374 699 2420 formast
712 2375 811 2421 materia

228 2501 278 2564 Vl.
296 2500 463 2580 Disputant
476 2501 615 2581 theologi
635 2501 675 2562 de
696 2501 829 2564 materia
849 2507 880 2562 et
900 2499 1002 2575 forma
1022 2493 1118 2581 hujus

185 2595 384 2658 sacramenti.
401 2596 504 2658 Etiam
516 2597 599 2658 inter
614 2599 733 2676 eosqui
749 2597 939 2672 conveniunt
953 2596 992 2657 dc
1008 2612 1118 2657 neces⁴

183 2693 275 2754 sitats
291 2692 479 2770 chrismatio,
504 2693 665 2756 dubitatur
685 2712 725 2754 an
747 2693 787 2759 ait
807 2693 985 2760 necessaria
1005 2710 1118 2754 conse·

184 2789 281 2851 cratio
297 2791 337 2850 ab
353 2789 500 2870 episeopo
515 2789 608 2850 facta.
632 2790 663 2850 Si
685 2791 738 2870 qui
759 2795 868 2852 tenent
883 2805 1036 2850 manuum
1056 2785 1121 2850 im-'

182 2886 370 2968 positionem
386 2903 453 2946 esse
468 2886 644 2964 materiam,
661 2888 806 2949 dubitant
820 2905 861 2952 an
875 2887 915 2947 sit
926 2885 981 2946 illa
995 2901 1065 2964 quae
1079 2885 1117 2946 nt

84 2989 94 3000 ”
183 2984 241 3045 suh
252 2983 408 3046 unctionis
419 2982 850 3064 auspicium,velillaquaein
861 2987 933 3044 actu
945 2978 1112 3060 unctionis,

182 3083 232 3143 vel
246 3089 379 3162 utraque
394 3085 546 3162 tanquam
561 3100 623 3142 una
640 3101 647 3143 :
663 3082 736 3143 inde
751 3082 875 3144 variant
894 3081 989 3144 etiam
1007 3075 1113 3158 quoad

181 3178 315 3242 formam
331 3179 423 3260 hujus
437 3179 636 3256 sacramenti,
659 3197 700 3239 an
721 3177 761 3238 sit
780 3179 834 3239 illa
853 3195 923 3256 quas
942 3175 1114 3265 respondet

181 3274 290 3354 primae
305 3294 457 3337 manuum
471 3275 672 3354 protectioni,
689 3276 836 3337 videlicet
850 3275 950 3342 oratio
973 3271 1112 3352 Omnipo-

180 3380 252 3448 tens,
269 3389 310 3432 an
324 3373 364 3434 sit
378 3371 440 3432 alia
453 3371 545 3450 Siqua
559 3379 587 3444 te
601 3371 682 3452 siquo
695 3371 802 3450 crucia
815 3375 849 3434 ln
865 3373 924 3434 hac
938 3373 1027 3432 tanta
1042 3361 1112 3448 opi·

180 3473 309 3550 sionum
329 3471 541 3533 controversia
561 3471 862 3536 llcclesiaabsolute
883 3471 950 3533 vult
974 3474 1008 3530 ut
1030 3467 1109 3532 nihil
