2504 4024
292 313 296 320 ,
351 255 539 302 unoerscro
559 255 640 306 rums
662 257 816 306 canorum.
992 247 1049 309 133

157 405 189 461 2⁰
217 403 261 462 Ut
285 400 522 462 matrimonium
542 402 575 462 in
598 402 716 467 eadem,
732 403 815 464 trihu
835 405 1050 469 contineretur

121 496 264 571 respectu
279 493 319 552 ad
335 493 411 554 alias
424 493 535 554 tribus.

157 585 300 644 Primum
314 584 572 663 impedimentum
591 586 702 648 habuit
715 605 772 666 pro
791 589 864 665 tine,
881 590 954 651 iidsi
973 611 1047 654 con-

121 678 340 755 servationem,
356 696 438 757 quas,
454 679 533 740 inita
547 697 619 740 cum
633 680 780 760 gentibus
794 680 943 743 societate
958 683 1048 746 facile

121 771 329 852 deperiisset:
353 774 434 833 Nota
457 773 585 835 effectus
614 772 842 834 connubiorum
863 775 946 836 inter
968 775 1048 837 tilios

120 869 174 928 Dei
188 871 219 930 et
233 868 314 928 filias
329 867 502 930 hominum.

156 965 299 1026 Alteram
313 964 354 1024 ad
368 981 479 1041 pacem
494 964 753 1041 conservandam,
765 982 803 1024 ne
814 964 840 1026 si
851 967 1048 1028 matrimonia

121 1056 241 1118 exirent
258 1056 298 1117 de
316 1055 412 1132 tribu,
429 1055 617 1135 quaestiones
638 1057 794 1119 orirentur
814 1058 853 1118 ds
872 1061 1046 1138 propriata·

119 1150 212 1212 tibus.
230 1153 305 1212 Haec
320 1155 388 1214 erat
401 1153 433 1214 et
446 1169 542 1213 causa
557 1170 653 1232 quare
668 1155 744 1214 Levi
753 1151 860 1232 jussus
874 1160 921 1214 est
938 1155 1047 1230 matri-

120 1247 258 1308 monium
279 1247 464 1311 contrahere
485 1265 557 1310 cum
578 1265 674 1310 uxore
696 1250 800 1314 fratris
814 1250 874 1325 sui,
891 1252 926 1311 ut
939 1267 1047 1311 semen

121 1339 270 1402 excitaret
282 1339 372 1402 fratri
386 1356 454 1400 suo.

157 1436 205 1496 En
224 1452 388 1516 quousque
406 1435 539 1515 proiecit
557 1454 594 1498 ex
608 1453 671 1498 una
685 1441 774 1516 parte
792 1397 977 1517 degradatio
992 1455 1046 1497 na-

120 1534 197 1592 turae
212 1532 415 1609 matrimonii,
427 1550 465 1592 ex
474 1533 671 1594 alterainitia
684 1533 890 1612 reparationis
904 1532 1045 1614 ejusdem

29 1665 30 1700 r
121 1631 191 1688 ants
201 1626 314 1689 Christi
325 1628 504 1690 adveutum.
516 1629 642 1708 Integra
656 1629 845 1702 matrimonii
860 1629 1045 1692 restauratio

29 1719 30 1770 ἶ
121 1721 304 1782 servabatur
317 1721 451 1782 Christo.

379 1891 426 1937 111.
438 1894 470 1938 De
481 1895 637 1938 restauratione
649 1895 787 1938 matrimonii.

156 2025 207 2088 IV.
226 2024 415 2096 Quaerebant
429 2043 448 2085 a
462 2025 584 2087 (ibristo
599 2025 750 2088 Pharisaei
761 2025 896 2106 (Matth,
913 2025 977 2104 xlx)
988 2044 995 2086 :
1008 2023 1048 2086 Si

121 2118 181 2180 licei
207 2118 320 2179 bomini
345 2119 490 2181 dimittere
516 2139 637 2182 uxorem
668 2140 772 2197 suom,
802 2138 982 2200 quocumque
1008 2138 1046 2179 eu

120 2210 224 2273 causo?
239 2211 307 2273 No'n
318 2212 514 2289 dubitabant,
527 2212 562 2275 ut
571 2214 694 2290 videtis,
707 2232 747 2274 an
756 2213 865 2273 liceret
874 2211 1043 2287 dimittere,

120 2308 172 2368 sed
195 2308 235 2368 de
258 2308 360 2370 causis
389 2307 594 2383 dimissionis3
619 2309 794 2370 secundum
816 2305 920 2368 varias
944 2308 1045 2366 sectas

120 2410 192 2465 tunc
205 2405 355 2484 temporis
369 2405 401 2466 in
412 2404 519 2484 judaeo
537 2407 653 2484 populo
674 2405 828 2484 vigentes,
845 2402 1045 2464 dissecaban-

118 2503 177 2577 tur,
194 2502 227 2561 et
239 2500 285 2562 ita
297 2500 462 2561 tentabant
482 2501 640 2562 Christum
653 2519 767 2580 capere
780 2499 814 2559 in
833 2516 989 2574 sermone,
1011 2501 1046 2559 ut

119 2596 263 2658 'videlicet
285 2596 459 2658 doctrinam
481 2597 604 2675 Ghristi,
620 2599 653 2657 in
673 2598 843 2660 maximam
863 2596 945 2658 illius
964 2599 1046 2658 tem-

120 2692 200 2771 poris
216 2693 422 2772 quaestionem
436 2693 640 2754 adducerent.

156 2789 324 2851 Praesensit
342 2789 498 2865 Christus,
515 2788 621 2850 divina
641 2807 704 2867 qua
727 2788 865 2868 pollebat
887 2788 1043 2866 sapientia

119 2900 247 2960 pravam
259 2883 486 2962 pharisaeorum
497 2882 651 2956 animam3
667 2882 798 2945 intuitus
813 2885 860 2944 est
874 2897 1044 2941 erroneum

120 2980 312 3057 suppositum
326 2978 410 3058 quod
423 2977 542 3040 latebat
554 2978 588 3037 in
600 2982 716 3055 mente,
733 2978 837 3056 quoad
851 2974 1043 3035 matrimonii

29 3069 30 3074 ’
120 3080 272 3155 naturam,
288 3077 371 3138 unde
392 3076 580 3156 quaestiones
600 3075 639 3136 de
661 3076 785 3139 divortii
808 3072 910 3134 causis
924 3071 957 3131 in
970 3071 1044 3131 inti-

121 3173 216 3235 nitum
236 3174 448 3254 augebantur;
466 3172 584 3234 sciebat
606 3173 778 3252 quodlicet
794 3168 925 3249 quaestio
941 3168 980 3229 de
995 3166 1045 3227 di-

29 3311 30 3330 ,
120 3269 262 3330 missione
278 3269 393 3346 uxoria,
405 3288 503 3348 perse
513 3269 721 3343 considerata,
735 3269 858 3344 poterat
873 3282 941 3324 essa
956 3280 1043 3323 mere

122 3361 339 3442 disciplinaris,
356 3365 493 3425 attamen
517 3359 715 3424 considerata
735 3359 847 3438 prouti
862 3361 930 3419 erat
950 3357 1043 3418 mori-

121 3459 178 3521 bus
195 3464 378 3525 Judaeorum
399 3468 536 3542 recepta,
552 3461 585 3520 in
606 3459 815 3538 quastionem¹
835 3457 874 3519 de
895 3471 1045 3552 monoga-

207 3573 270 3611 τοι.
290 3573 322 3610 11.
939 3552 954 3604 8
983 3601 986 3607 .
