2530 4016
178 301 237 360 298
385 313 615 382 susurroruouus
636 313 718 359 souis
741 313 895 359 cruorum.

180 457 284 520 nensis
299 457 436 533 decreto,
453 457 545 537 plura
557 456 590 516 iu
611 457 755 519 eamdem
774 476 842 520 rem
860 458 989 522 decreta
1011 461 1112 524 edidit

180 558 211 618 et
223 554 399 634 praesertim
409 553 528 631 statuit,

221 656 252 714 1⁰
267 653 308 714 Ut
322 651 458 731 exceptis
473 651 678 733 hospitalibus
697 669 768 732 quae
782 651 840 713 sub
861 670 973 733 regum
988 660 1114 734 protec-

180 751 265 812 tione
282 753 364 825 sunt,
382 747 558 827 quibusque
572 749 659 828 regia
674 749 826 827 protectio
841 748 989 811 inlimine
1002 749 1112 813 funda·

181 845 275 910 honis
294 843 435 920 accessit,
461 846 577 905 coetera
599 843 775 924 hospitalia,
800 845 964 926 omnisque
987 848 1112 926 generis

181 941 252 1005 loca
265 940 318 1020 pia
331 937 501 1000 visitationi
516 939 654 1019 episcopi
673 941 839 1002 subessent
854 941 887 1000 in
905 940 943 1001 iis
967 941 1114 1004 omnibus

183 1055 252 1119 quae
267 1038 323 1098 Dei
337 1034 466 1112 cultum,
483 1035 659 1096 animarum
674 1036 809 1099 salutem
823 1039 854 1099 et
863 1037 1023 1117 peculiare
1032 1056 1112 1119 opus

182 1132 242 1194 loci
256 1131 299 1210 pii
312 1128 495 1210 respiciunt,
510 1128 584 1191 lieet
598 1147 618 1188 a
630 1127 718 1190 laicis
732 1131 959 1209 gubernentur.

222 1230 253 1288 2⁰
268 1229 309 1290 ut
323 1226 425 1288 eidem
441 1226 670 1306 episcopatum
684 1225 716 1288 in
737 1227 914 1290 visitatione
935 1232 1004 1288 tum
1024 1231 1112 1292 extra

184 1342 264 1402 eam,
287 1325 374 1407 justa
396 1330 581 1387 oecurrente
603 1341 708 1402 causa,
732 1326 813 1387 ratio
835 1323 1114 1389 administrationis

185 1423 352 1504 quotannis
366 1421 567 1496 redderetur;
585 1421 709 1501 quodsi
729 1422 966 1499 cousuetudine,
989 1421 1115 1501 privile·

184 1513 255 1593 gio,
285 1515 339 1574 aut
362 1511 421 1572 loci
443 1514 559 1574 statuto
579 1511 716 1574 rationes
739 1511 807 1572 aliis
829 1511 1000 1572 reddenda
1024 1515 1108 1588 sunt,

184 1613 259 1666 tuuc
274 1605 368 1667 etiem
383 1603 562 1666 ordinarius
575 1622 647 1666 oum
661 1605 698 1665 iis
713 1603 925 1683 adhiberetur,
943 1605 1034 1668 aliter
1041 1606 1115 1667 red-

185 1695 261 1756 ditio
275 1694 405 1755 rationis
421 1694 498 1754 nihil
512 1693 641 1756 valeret.

224 1791 255 1848 3ο
270 1791 312 1852 Ut
330 1786 469 1866 episcopi
486 1791 615 1867 possent
633 1804 778 1850 coercere
793 1787 1021 1868 delinquentes,
1036 1789 1114 1850 suis-

185 1902 246 1966 que
259 1883 383 1964 legibus
401 1883 517 1944 abusus
531 1883 645 1946 tollere
665 1888 696 1947 et
713 1885 832 1946 bonum
852 1902 1050 1966 promovere,
1070 1883 1118 1948 ita

186 1987 291 2047 tamen
306 1983 340 2043 ut
354 1981 458 2043 sinant
471 1980 541 2042 loca
562 1981 631 2061 ipsa
648 1980 741 2062 juxta
763 1982 850 2061 leges
871 1981 1062 2074 fundationis
1085 1987 1117 2046 ct

135 2064 137 2070 ¹
185 2079 340 2160 legitimas
364 2078 606 2141 eonsuetudines
636 2077 892 2155 administrandi,
917 2077 1001 2140 iacta
1021 2078 1118 2141 etiam

186 2179 341 2258 potestate
355 2174 509 2255 episcopis
522 2173 663 2236 redditus
681 2177 775 2236 ceutae
794 2173 909 2254 speciei
928 2191 1116 2252 pauperum,

187 2290 266 2355 quos
287 2270 380 2334 bodie
401 2272 594 2352 ignoramus,
615 2271 712 2334 veluti
735 2270 909 2350 pereg1inis
933 2273 965 2331 et
983 2268 1117 2348 leprosis

187 2371 229 2433 ad
242 2369 304 2432 alia
317 2368 370 2449 pia
384 2385 481 2448 opera
494 2366 684 2448 applicandi.
702 2369 785 2430 Sese.
801 2370 852 2444 25,
869 2383 897 2428 c.
918 2369 949 2442 8,
964 2381 1041 2426 sess.
1064 2368 1116 2442 28,

188 2485 216 2529 c.
233 2470 297 2529 8-9.

226 2553 321 2626 Juxta
341 2559 522 2641 hujusmodi
540 2560 667 2622 decreta
686 2558 922 2638 distinguuntur
940 2554 1035 2618 hodie
1053 2561 1119 2620 tres

188 2657 307 2737 specics
317 2673 524 2736 personarum
534 2655 738 2736 hospitalibus
748 2652 893 2716 addiotae.
903 2654 1116 2716 Suntautem:

229 2750 259 2808 l⁰
273 2747 532 2813 administratores
547 2749 602 2828 qui
621 2746 803 2809 oeconomia
819 2743 1022 2824 hospitalium
1036 2760 1122 2822 prae-

189 2851 262 2910 sunt
274 2846 340 2908 sive
355 2843 415 2924 ipsi
429 2843 532 2906 cleriei
546 2847 602 2907 aut
614 2844 697 2920 laici,
709 2841 871 2922 regulares
882 2842 936 2902 aut
949 2838 1120 2902 seaculares

189 2943 251 3007 siut
266 2940 448 3024 (dummodo
464 2941 519 3001 aut
531 2938 582 2999 les
596 2936 799 3013 fundationis,
816 2940 870 2998 aut
884 2933 1043 3014 singulare
1059 2931 1123 3011 pri·

189 3037 339 3119 vilegium
366 3053 429 3098 uon
456 3033 548 3114 obsit)
576 3033 635 3094 sub
663 3031 848 3094 austeritate
877 3030 932 3090 aut
958 3024 1122 3106 vigilantia

191 3134 339 3216 episcopi.
357 3133 420 3196 Sed
438 3129 533 3195 variis
546 3130 579 3190 in
600 3129 717 3208 regnis,
743 3144 800 3206 pro
820 3123 932 3205 spiritu
955 3121 1120 3202 prasentia

190 3227 392 3310 legislationis
407 3226 518 3302 civilis,
535 3225 603 3286 baec
616 3224 687 3288 loca
704 3224 777 3283 sunt
797 3219 925 3280 omnino
943 3217 1122 3279 substracta

191 3324 383 3403 evigilantis
398 3323 536 3402 episcopi
550 3324 582 3383 et
594 3321 697 3400 posita
715 3317 773 3380 sub
787 3314 949 3396 uigilantia
963 3309 1123 3376 saecularis

191 3419 364 3497 potestatis
477 3467 478 3470 ,
785 3477 790 3486 ,
826 3451 829 3458 -

231 3517 262 3573 2⁰
278 3512 387 3576 Clerici
399 3516 464 3576 sive
484 3511 630 3594 capellani
651 3512 706 3592 qui
723 3509 837 3590 juvant
859 3509 892 3568 in
911 3501 1117 3585 spiritalibus,
