2530 4016
406 271 445 318 nu
466 271 592 320 cornero
613 273 695 322 sunrs
717 275 871 325 orrorrcr.
1042 269 1100 330 309

212 417 293 479 XIII.
309 415 407 478 Bascs
421 413 526 477 eutem
540 433 637 495 supra
650 417 821 507 quaserigi
836 418 952 484 debent
965 423 1101 485 semina-

171 512 220 574 ria
233 512 282 572 hee
297 509 425 571 fuerunt
439 511 478 571 ab
493 510 561 589 ipso
576 511 759 574 Tridentino
774 513 945 594 designatae
963 538 975 579 :-

212 610 243 668 I⁰
257 607 348 668 Girca
362 605 518 668 delectum
534 624 704 684 puerorum
723 609 990 674 admittendorum
1003 614 1101 676 voluit

149 699 151 704 ’
171 707 207 765 nt
220 720 284 764 non
297 701 512 780 reciperentur
526 702 587 763 nisi
607 703 661 783 qni
683 704 724 764 ad
747 704 913 768 minimum
934 709 1101 770 duodecim

171 812 270 858 annos
284 794 438 856 haberent
451 798 535 856 etex
548 794 689 874 legitimo
698 796 898 860 matrimonio
906 799 973 865 nati
984 804 1098 877 essent,

172 897 203 955 et
216 893 322 972 legere
336 893 368 952 et
381 889 518 952 scrihere
529 893 744 969 competenter
753 894 953 970 noverint‘et
967 913 1101 974 quorum

171 989 292 1051 Indoles
321 994 352 1049 et
378 987 525 1050 voluntas
545 1003 634 1066 spem
657 988 783 1049 efferret
806 1005 859 1050 eos
883 990 1100 1053 ecclesIasticis

171 1083 351 1146 ministeriis
371 1087 524 1162 perpetuo
548 1082 770 1145 deservituros.
795 1087 972 1165 Pauperum
996 1070 1101 1148 cutem

170 1179 225 1242 filii
241 1179 398 1258 praecipne
413 1178 614 1258 eligerentur,
631 1196 690 1240 nec
703 1183 809 1241 tamen
833 1180 981 1243 ditiorum
996 1183 1102 1243 exclu-

149 1266 152 1269 ’
172 1276 321 1338 derantur
335 1275 429 1337 modo
444 1292 502 1337 suo
516 1279 644 1353 sumptu
658 1274 817 1349 alerentur
831 1279 862 1338 et
876 1276 1015 1338 studium
1022 1295 1100 1357 prae·

170 1372 324 1434 seferrent
337 1374 401 1433 Deo
416 1374 448 1432 et
461 1370 607 1441 Ecclesiae
620 1370 823 1432 inserviendi.

210 1472 242 1528 2⁰
257 1468 366 1539 Quoad
381 1466 579 1529 alumnorum
594 1467 761 1543 incessum,
780 1466 934 1544 habitum,
952 1467 1057 1529 studia
1070 1471 1102 1529 et

169 1565 325 1644 integram
338 1562 432 1644 hujus
446 1562 569 1644 collegii
583 1562 780 1641 disciplinam
793 1563 926 1625 sancivIt
942 1583 948 1624 :
965 1570 1001 1625 ut
1013 1565 1045 1624 in
1055 1567 1102 1627 tot

171 1660 287 1722 classes
308 1659 532 1722 deriderentur
553 1665 630 1739 quot
653 1659 799 1739 episcopo
821 1659 988 1738 videbitur,
1011 1661 1101 1741 juxta

169 1755 296 1818 illorum
310 1773 488 1833 numerum,
505 1758 631 1817 aelatem
651 1759 683 1818 et
702 1755 735 1817 in
756 1754 922 1835 disciplina
942 1755 1102 1818 ecclesias·

170 1851 234 1914 tica
246 1869 486 1932 progressum...
504 1854 636 1914 tonsura
649 1851 754 1914 statim
779 1853 810 1912 et
833 1851 943 1914 habitu
964 1851 1101 1913 clericali

170 1966 297 2028 semper
314 1951 487 2025 uterentur,
513 1947 744 2028 grammetIccs,
771 1950 881 2010 centus
905 1947 1102 2028 (Gregoriani

173 2037 365 2106 videlicet'ut
378 2041 550 2106 declararit
563 2041 750 2106 Benedictus
760 2044 830 2104 XIII
845 2044 896 2105 cii.
912 2045 999 2125 loc),
1016 2062 1102 2106 com-

170 2139 238 2218 puti
252 2140 467 2218 ecclesiastici,
490 2139 686 2219 allatumque
709 2138 865 2210 honarum
885 2139 1001 2200 entium
1023 2139 1102 2219 (tan-

170 2239 239 2294 tum
253 2233 298 2296 uti
312 2233 486 2296 declaravit
498 2233 583 2294 idem
597 2231 689 2311 ibid.)
704 2231 869 2312 disciplina
882 2231 1098 2304 erudirentur:

171 2329 204 2396 S.
222 2329 428 2409 ScrIpturam‚
444 2329 541 2390 libros
556 2328 794 2406 ecclesiasticos,
820 2328 963 2390 homilias
978 2330 1102 2389 sancto-

170 2443 242 2486 rum
263 2432 295 2486 et
317 2429 589 2488 sacramentorum
612 2425 849 2502 tradendorum,
872 2423 1008 2490 maxime
1029 2441 1100 2505 quae

171 2522 212 2582 ad
235 2521 447 2584 confessiones
473 2521 647 2586 audIendes
671 2520 861 2585 ridebuntur
880 2525 1058 2601 opportuna
1071 2525 1102 2583 et

170 2614 288 2677 rituum
302 2622 334 2677 et
348 2615 605 2678 caercmonierum
622 2615 739 2677 formas
755 2615 940 2678 ediscerent.

211 2709 348 2790 Singulis
364 2709 475 2772 diebus
489 2708 641 2770 sacrificio
654 2708 851 2788 interessent,
868 2713 899 2772 et
912 2711 1023 2772 sallem
1037 2710 1102 2789 sin-

170 2805 252 2886 gulis
266 2797 428 2868 mensibus
443 2807 667 2869 confiterentur
679 2812 820 2884 peccata,
833 2811 865 2870 et
875 2807 965 2888 juxta
979 2809 1102 2870 confes-

171 2903 249 2964 soris
260 2902 416 2984 judicium
430 2907 555 2965 sument
569 2919 681 2983 corpus
700 2905 738 2966 D.
755 2906 791 2964 N.
812 2905 842 2966 J.
865 2904 898 2964 (l.
923 2903 1102 2965 Gathedrali

172 2999 285 3062 et'aliis
298 3001 360 3062 loci
374 3001 513 3063 ecclesiis
528 3002 638 3062 diebus
651 2999 739 3062 festis
761 2999 970 3061 iuscrvtant...
988 2999 1102 3060 Discoli

171 3096 278 3156 autam
293 3099 325 3156 et
347 3094 575 3174 incorrigibiles
598 3091 803 3154 etmalorum
821 3109 945 3154 morum
968 3092 1101 3153 semina·

170 3193 255 3251 tores
278 3191 393 3254 acriIer
415 3190 613 3271 punirentur,
640 3206 693 3250 ecs
717 3188 823 3267 etiem,
847 3190 873 3250 si
895 3207 973 3269 opus
994 3188 1098 3264 fuerit,

171 3285 355 3364 expellendo
371 3293 406 3347 ut
419 3287 526 3353 omnia
538 3285 763 3364 impedimenta
784 3278 824 3346 ad
849 3284 1101 3346 conservandum

171 3382 203 3440 et
216 3382 397 3461 augendum
411 3390 477 3446 tam
491 3383 576 3461 pium
593 3385 625 3444 et
638 3384 781 3446 sanctum
798 3381 977 3444 institutum
997 3399 1101 3444 remc-

46 3551 48 3556 .
169 3478 313 3536 reantur.
