2530 4016
369 293 412 349 on'
429 304 557 351 onmem
576 286 659 351 rums
681 305 836 352 uiuorum.
1008 297 1066 356 315

135 451 280 515 solebant
292 449 399 528 plures
411 448 481 508 fieri
504 447 678 510 oblationes
692 447 733 509 ab
752 449 930 512 haeredihus
949 453 1001 514 vel
1015 471 1068 514 oo·
1114 475 1116 478 ·

134 549 237 630 gnatis
246 543 396 621 defuncti,
409 561 479 622 quae
487 543 643 604 cedebant
656 543 688 604 in
699 545 901 606 commodum
910 547 1064 626 ecelesia,

136 663 206 726 quae
221 659 329 704 euram
343 639 461 701 funeris
476 643 507 700 et
520 640 632 702 tumuli
647 641 787 720 gerebat.
806 641 999 722 (Secundum
1016 663 1067 705 ve-

135 739 340 802 tustissimam
351 735 656 799 administrationem
670 737 786 815 peoulii
797 738 1012 818 eeclesiastioi,
1030 760 1067 801 ex

136 834 181 896 eis
196 830 423 895 detrahebatur
439 836 627 908 quartapars
650 848 707 911 pro
728 831 882 912 Episcopo
897 832 1067 915 insignum

135 925 291 1010 generalis
324 923 603 986 administrationis
637 942 732 1004 quam
767 927 940 1006 Episcopus
972 930 1069 992 habet

47 1085 51 1091 ,
136 1022 278 1086 omnium
292 1020 496 1083 eoolesiarum
511 1037 576 1081 suae
591 1019 893 1101 diaeoeeeos.)Hodie
903 1024 971 1086 looo
986 1026 1067 1103 psal-

135 1136 260 1180 morum
287 1119 318 1178 et
344 1117 536 1195 hymnorum
563 1117 618 1196 qui
645 1117 704 1178 sub
733 1123 824 1180 noete
853 1119 1067 1186 renitebantur

135 1217 219 1278 oirea
228 1214 376 1290 nadaver,
386 1211 537 1273 suecessit
551 1211 682 1292 officium
691 1211 904 1290 defunctorum.
916 1219 992 1280 Post
1006 1219 1067 1280 hoo

135 1309 228 1370 hodie
243 1307 395 1369 celebrari
403 1307 482 1368 solet
492 1305 681 1366 sacrificium
691 1306 809 1381 missae3
826 1308 881 1368 sed
892 1309 1067 1374 oblationes

134 1407 349 1480 exoleverunt,
360 1421 416 1464 seu
431 1403 543 1464 melius
557 1401 750 1464 transierunt
760 1402 792 1464 in
807 1405 1067 1468 consuetudinem

134 1502 281 1565 Ecclesiae
295 1500 463 1563 tumulenti
479 1499 632 1579 quasdam
643 1500 841 1576 peouniarias
850 1503 1067 1580 praestationes

134 1596 392 1661 subministrandi
412 1595 453 1657 ad
469 1598 586 1656 oertam
602 1613 757 1656 summam
771 1601 905 1660 taxatas.
969 1672 971 1675 .

174 1697 252 1758 Gum
267 1693 408 1755 hloolesia
430 1691 613 1753 tumulatrix
636 1697 718 1755 esset
731 1693 931 1772 paroehialis,
949 1695 1009 1758 illae
1029 1715 1068 1758 ex

133 1794 259 1872 integro
284 1788 432 1852 redibant
449 1789 481 1848 in
501 1788 642 1849 favorem
662 1790 890 1867 parochorum
917 1791 973 1852 sed
995 1810 1068 1854 oon-

134 1905 220 1949 oesso
235 1885 418 1947 tumulandi
437 1884 510 1965 jure
524 1883 671 1945 Eoolesiis
686 1902 749 1946 non
764 1885 1008 1966 paroehialibus,
1025 1907 1065 1952 ne

134 1983 285 2046 damnum
307 1981 485 2042 immineret
505 1979 629 2060 juribus
653 1981 897 2059 paroehialihus,
914 1984 1067 2046 statutum

134 2082 181 2142 est
194 2081 229 2140 ut
243 2077 390 2158 quadam
404 2076 613 2140 determinata
623 2094 697 2156 pars
712 2076 932 2152 detraheretur
942 2097 979 2138 ex
989 2078 1067 2141 inte-

132 2174 197 2256 gris
220 2172 306 2234 hisee
329 2173 593 2252 praestationibus,
619 2189 689 2252 quae
711 2175 864 2252 tanquam
892 2191 965 2252 pars
987 2175 1066 2254 legi-

132 2271 210 2332 tima
232 2270 359 2332 eederet
380 2269 413 2329 in
435 2269 577 2330 favorem
598 2269 738 2346 parochi.
764 2271 839 2330 Haeo
863 2264 943 2332 forte
969 2289 1006 2331 ex
1029 2290 1066 2333 eo

134 2364 218 2444 quod
229 2367 341 2444 quarta
351 2365 494 2425 omnium
505 2365 599 2440 esset,
612 2368 725 2425 vorata
735 2367 784 2426 eet
793 2372 902 2444 quarta
911 2365 1065 2444 saumatis,

133 2460 297 2540 surnaria,
321 2458 510 2540 paroehialis,
538 2459 685 2521 canoniea.
711 2461 773 2523 Sed
795 2461 890 2522 hodie
913 2465 1066 2524 remansit

134 2561 259 2634 nomen,
276 2573 326 2618 res
349 2561 455 2617 nutem
478 2573 540 2618 non
563 2556 608 2618 ita
628 2557 798 2635 respondet
822 2561 856 2619 ut
878 2559 918 2620 sit
942 2577 1067 2638 semper

135 2657 246 2733 quarta
255 2671 339 2732 pars,
352 2653 407 2714 sed
416 2653 584 2733 aliquando
596 2653 699 2731 tertia,
713 2653 853 2716 dimidia.
864 2656 1067 2725 Monumenta

84 2812 86 2816 y
133 2749 265 2809 vetustae
280 2745 450 2827 disciplina
466 2745 575 2808 videas
595 2746 679 2826 apud
694 2747 853 2810 Pontium.

174 2844 341 2922 Completis
356 2841 506 2922 exequiiS,
523 2843 659 2905 nadaver
672 2845 730 2906 sub
746 2844 814 2905 aliis
829 2846 1023 2906 oeeremoniis
1037 2849 1069 2907 et

135 2940 328 3002 orationibus
342 2939 508 3024 sepelitur3
526 2939 581 3002 sed
596 2959 659 3002 non
674 2940 745 3001 ideo
760 2941 913 3002 memoria
921 2941 1004 3002 illius
1015 2943 1067 3002 de-

132 3035 215 3096 letur
236 3037 364 3098 omnino
396 3037 427 3096 in
452 3035 563 3097 offioiis
592 3036 829 3111 ecelesiasti=eis3
853 3037 909 3097 sed
937 3041 1068 3115 praeter-

134 3147 228 3212 quam
243 3131 327 3210 quod
343 3130 472 3192 nomina
486 3130 623 3209 plurium
633 3131 714 3190 bene
728 3131 912 3192 meritorum
922 3149 1068 3193 renense-

133 3225 250 3288 bantur
262 3228 296 3286 in
310 3226 408 3288 saeris
423 3225 591 3305 diptyohis,
602 3225 660 3286 die
679 3227 723 3301 3⁰,
739 3229 782 3300 7⁰,
805 3229 868 3302 30⁰,
891 3231 954 3304 40⁰,
978 3245 1068 3288 reno-

135 3321 375 3384 vabaturtunus
391 3321 459 3403 jam
479 3325 547 3383 tum
567 3339 587 3381 a
610 3320 739 3382 vetustis
759 3321 905 3384 Eoolesiae
932 3322 1065 3384 eaeoulis.

135 3419 339 3483 Monumenta
353 3420 541 3502 allegantur,
559 3422 713 3499 utsupra,
730 3423 815 3502 apud
829 3423 985 3483 Pontium.
1001 3423 1068 3485 Mos
1129 3416 1132 3421 ’

134 3517 308 3580 renovandi
326 3517 437 3579 lunera
452 3517 501 3579 die
525 3520 568 3594 3⁰,
585 3523 628 3596 7⁰,
644 3520 707 3595 30⁰,
732 3519 886 3581 retinetur
902 3519 1010 3582 adhue
1025 3520 1066 3581 ab
