2476 4022
356 288 395 332 on
416 285 545 359 caruero
564 285 647 332 runis
669 286 823 333 canorum.
1018 278 1056 336 27

118 449 185 492 non
209 431 346 510 amplius
369 428 500 508 simplex
522 429 677 490 invocatio
698 429 907 492 Sanctissimae
927 431 1061 494 Trinita-

117 529 250 608 usqua
266 527 407 606 corporis
422 526 613 587 ablutionem
628 527 808 602 concitaret,
820 527 878 589 fuit
892 530 969 590 ritus
982 530 1060 608 bap·

118 624 258 686 tismatis
282 621 474 696 confercndi,
501 621 556 682 sed
579 621 671 700 plura
693 623 733 684 de
759 623 839 698 loeo,
864 628 1004 703 ternpore
1028 631 1060 690 et

117 721 237 783 ritibus
250 720 422 782 constituta
436 721 517 780 sunt.

159 815 274 894 Itaque
297 813 408 874 crectis
429 812 525 872 sacris
550 810 672 872 oedibus
695 811 881 891 christianis,
907 815 1059 894 optimum

118 908 227 970 visum
241 914 291 974 eat
304 912 339 969 ut
353 908 564 969 sacratissima
579 907 647 968 haec
662 925 712 968 res
725 907 758 968 in
769 911 866 971 sacris
880 909 948 972 locis
961 912 1059 974 admi-

119 1008 312 1068 nistraretur
328 1023 334 1064 :
351 1003 425 1066 inde
439 1003 523 1080 apud
538 1020 643 1063 sacras
660 1004 748 1065 cedes
762 1006 856 1067 erecti
870 1011 944 1070 sunt
958 1008 1059 1070 tontes

119 1105 177 1183 qui
197 1121 236 1162 ex
257 1120 317 1161 usu
338 1099 388 1160 cui
409 1099 639 1176 deserviebant,
658 1099 839 1178 baptismales
857 1105 960 1167 vocati
973 1109 1056 1169 sunt.

118 1201 245 1261 Erectae
267 1201 376 1276 postea
396 1195 604 1272 cathedrales,
622 1200 653 1258 et
674 1197 837 1259 inferiores
853 1201 1010 1278 Ecclesia,
1028 1206 1060 1264 et

118 1296 152 1354 in
167 1295 207 1355 iis
222 1312 282 1372 par
296 1291 461 1370 disciplina
474 1291 641 1353 observata
655 1296 702 1354 est
714 1313 721 1353 ε
734 1293 817 1353 unde
832 1295 937 1372 plures
951 1299 982 1356 in
998 1299 1059 1357 sin-

120 1391 205 1470 gulis
220 1389 520 1450 dioecesibus'erecti
535 1391 607 1450 sunt
620 1388 723 1450 fontes
734 1389 885 1452 huicusui
900 1392 1056 1455 destinati.

121 1487 191 1547 Duo
206 1487 260 1546 hic
275 1485 405 1546 adverte
423 1503 429 1543 :

164 1585 195 1642 {⁰
216 1583 304 1643 Licet
323 1581 356 1640 in
376 1581 443 1640 aliis
461 1584 576 1659 praeter
595 1580 791 1643 cathedrales
813 1583 950 1644 ecclesiis
965 1587 1060 1648 erecti

122 1678 186 1740 sint
207 1677 311 1738 fontes
331 1675 544 1754 baptismales,
562 1693 624 1757 non
645 1678 802 1738 tamenin
824 1680 980 1756 omnibus
1003 1680 1059 1742 aed

123 1773 155 1833 iu
169 1773 209 1833 iis
224 1789 295 1851 qnae
304 1771 397 1833 ‘velut
410 1772 557 1832 Ecclesiae
572 1775 688 1832 matres
703 1777 806 1834 essent
820 1774 943 1836 haband
948 1793 984 1837 es.
1002 1778 1059 1837 'Ea-

123 1869 161 1929 lis
186 1872 256 1930 erat
278 1869 380 1946 primo
401 1867 469 1927 loco
494 1868 633 1928 Ecclesia
656 1868 855 1946 cathedralis,
879 1875 910 1932 el
933 1869 1060 1950 quidem

125 1982 291 2045 quousque
306 1963 364 2024 fuit
378 1963 471 2024 unica
485 1962 624 2023 Ecclesia
637 1964 845 2042 parochialis3
863 1966 919 2027 sed
934 1965 1059 2045 quando

125 2062 207 2138 aliae,
226 2063 348 2139 proeter
361 2060 472 2137 ipsam,
488 2059 683 2137 parochiales
698 2061 843 2123 Ecclesiae
858 2063 984 2124 fuerunt
996 2063 1060 2122 ins-

124 2157 235 2231 titutae,
254 2154 344 2216 facile
359 2155 417 2216 fuit
431 2172 484 2214 eas
504 2172 541 2213 ex
561 2157 692 2232 paritate
714 2158 841 2218 rationis
863 2162 894 2219 et
914 2158 1008 2220 officii
1026 2159 1060 2219 in

126 2253 271 2332 ejusdem
281 2251 362 2331 juris
377 2251 575 2330 privilegium
589 2252 774 2324 admittere;
797 2270 859 2314 non
874 2258 980 2315 lamen
995 2273 1059 2316 om·

127 2367 191 2424 nes,
209 2353 242 2410 et
256 2347 377 2408 facilius
393 2346 520 2426 quidem
533 2348 689 2408 Ecclesiae
704 2347 824 2408 rurales
842 2365 937 2426 quam
955 2350 1060 2410 eivita-

125 2451 249 2518 tenses3
265 2445 326 2506 illae
338 2445 421 2505 euim
431 2447 524 2523 prout
538 2444 639 2522 magis
649 2443 764 2506 dissita
780 2445 909 2522 speciali
923 2444 1061 2525 quodam

126 2543 220 2606 modo
236 2541 446 2602 efformabant
459 2544 602 2602 centrum
617 2541 748 2620 alicujus
758 2542 857 2620 plebia
868 2542 1057 2618 christiana,

124 2641 156 2701 iu
171 2639 263 2720 cujus
278 2627 479 2699 commodum
493 2636 562 2698 fons
583 2637 778 2714 baptismalis
793 2643 861 2700 erat
879 2639 1058 2719 erigendus,

127 2755 181 2798 sen
202 2735 296 2796 sicuti
316 2735 474 2813 antiquior
495 2736 542 2794 est
561 2733 712 2795 institutio
728 2735 944 2811 parochialem
963 2736 1060 2796 eecle-

127 2819 246 2894 siarum
269 2831 421 2892 ruralium
446 2847 541 2910 quam
565 2829 803 2907 civitatensium,
833 2833 877 2893 ita
905 2833 1062 2912 antiquior

127 2927 183 2988 fuit
201 2925 319 2986 erectio
334 2924 467 2985 fontium
483 2923 726 3002 baptismalium,
738 2928 854 3004 praeter
868 2924 987 2986 fontem
1002 2925 1061 2984 Ec-

128 3021 230 3082 clesiae
245 3019 446 3094 cathedralis,
462 3019 599 3098 inpagis
622 3036 716 3098 quam
736 3021 769 3080 in
791 3020 967 3081 civitatibus
982 3021 1061 3097 cpis-

128 3117 299 3196 copnlibus.
314 3115 445 3188 Quando
462 3115 595 3176 adaucta
605 3115 695 3193 plebe
707 3117 886 3192 christiana,
898 3133 961 3176 uua
971 3134 1061 3194 paro-

129 3215 198 3276 chia
211 3217 244 3275 in
259 3215 365 3292 plures
380 3213 526 3274 distincta
541 3216 678 3291 est„nou
692 3230 817 3290 semper
831 3231 889 3272 uec
908 3212 999 3274 facile
1014 3216 1062 3275 est

129 3309 316 3390 derogatum
339 3307 404 3387 juri
431 3305 576 3366 Ecclesiae
604 3305 752 3365 matricis.
778 3303 868 3365 Unde
884 3304 976 3366 nullae
991 3304 1059 3365 aliae

129 3406 275 3468 Ecclesiae
303 3407 419 3484 praeter
448 3401 644 3483 parochiales
672 3399 789 3460 habent
816 3398 917 3461 tontes
944 3400 1060 3479 baptis-

130 3503 236 3579 males,
252 3499 310 3561 sed
325 3517 388 3560 non
402 3493 720 3577 omncsparochiales
734 3494 804 3556 illos
818 3494 944 3556 babent.
