2548 4020
378 279 417 325 ns
438 279 566 328 osrscro
587 281 669 326 sonis
691 281 845 327 ctuomcr.
970 279 971 282 ’
1018 273 1075 330 221

149 425 339 506 quiruntur:
358 427 389 484 l⁰
404 429 438 485 ut
452 423 492 486 sit
509 424 683 486 secundum
702 425 788 506 leges
807 426 969 502 incussum
991 428 1080 491 vide-

148 523 222 585 licet
235 528 272 582 ut
293 521 345 583 ille
368 521 418 582 cui
441 521 591 583 incutitur
614 522 784 584 satisfaciat
807 542 871 584 suae
896 525 1078 606 obligationi

149 621 201 682 cui
214 619 344 699 exlegis
358 618 540 697 praescripto
555 621 700 695 tenetur,
718 620 758 679 ab
773 639 810 681 eo
825 621 877 700 qui
891 621 1013 704 ‘babeat
1026 642 1080 702 po·

149 719 296 779 testatem
309 715 492 790 incutiendi,
510 719 605 777 uter.
621 733 670 795 gr.
684 714 792 794 judex.

190 814 248 873 Hic
263 813 357 875 timor
371 830 433 873 non
448 811 562 888 irritat,
578 829 642 873 non
656 829 746 872 secus
769 831 807 873 ac
826 812 877 874 ille
899 814 952 892 qui
973 813 1013 875 ab
1036 814 1081 874 in·
1122 810 1127 818 '

150 907 361 970 trinsecoest.
384 909 522 980 Quodsi
546 908 662 986 gravis,
689 911 846 986 externus,
871 908 1005 989 injustus
1029 911 1079 986 sit,

151 1004 389 1066 matrimonium
402 1004 529 1066 dirimit.

192 1102 341 1162 Nonnulli
361 1101 456 1164 etiam
476 1101 684 1164 communitor
701 1102 811 1165 volunt
830 1106 864 1165 ut
882 1103 921 1166 sit
940 1101 1083 1166 incussus

152 1217 249 1260 causa
263 1190 393 1260 ineundi
406 1198 641 1259 matrimonium
658 1219 665 1260 :
683 1217 730 1259 ex.
751 1219 800 1279 gr.
828 1201 861 1261 Si
882 1199 1005 1261 debitor
1025 1219 1084 1261 nu-

151 1295 292 1359 hatfiliae
307 1295 471 1357 creditoris
495 1296 561 1356 sine
586 1295 678 1373 doto,
696 1301 730 1357 ut
753 1315 913 1358 carcerem
935 1297 1081 1374 redimat,

151 1389 242 1470 cujus
255 1389 350 1452 timor
363 1390 466 1451 illatus
481 1393 528 1452 est
542 1395 578 1448 ut
591 1389 711 1463 solvat;
733 1390 759 1450 si
774 1388 842 1468 quis
858 1391 1015 1466 obsessus,
1034 1409 1085 1450 ex-

151 1486 366 1566 pugnationis,
383 1485 520 1546 incendii
533 1488 636 1549 metus
649 1485 783 1547 nuberet
801 1485 872 1548 filia
893 1486 1086 1548 obsidentis?

155 1581 219 1644 Sed
234 1580 287 1641 alii
301 1580 410 1642 dicunt
428 1581 582 1644 rationem
600 1581 816 1660 impedimenti
836 1601 903 1642 esse
921 1582 952 1642 in
972 1583 1086 1643 immu-

145 1677 273 1739 hitione
287 1676 440 1752 libertatis
454 1677 567 1758 injuste
582 1678 679 1754 illata,
703 1696 773 1758 quae
793 1679 911 1758 pariter
928 1679 1087 1742 invenitur

153 1769 187 1830 in
202 1768 344 1848 quolibet
356 1769 468 1830 timore
483 1769 584 1848 gravi,
601 1768 716 1850 injuste
730 1769 866 1832 incusso.

196 1864 340 1926 Gravitas
362 1863 484 1927 timoris
507 1863 681 1926 aestimatur
712 1885 731 1926 a
751 1866 876 1946 judice,
911 1869 1086 1946 prospectis

154 1960 301 2022 omnibus
317 1959 484 2040 adjunctis.

195 2059 276 2118 Tota
289 2056 368 2118 ratio
387 2054 604 2134 impedimenti
625 2059 673 2116 est
690 2073 746 2134 pro
766 2057 899 2118 tutando
914 2058 987 2138 jure
1005 2059 1089 2121 illius

81 2173 88 2190 ·
155 2152 210 2232 qui
224 2151 339 2232 injusto
353 2150 481 2212 territus
496 2158 552 2230 est,
571 2156 601 2214 et
616 2170 676 2231 pro
687 2151 803 2232 injuria
812 2154 1003 2216 vindicanda
1018 2175 1088 2236 quae

101 2280 104 2286 ·
154 2250 200 2312 illi
215 2249 302 2310 illata
317 2251 383 2323 est;
400 2249 531 2327 proinde
552 2249 786 2328 dispensatione
806 2256 917 2311 contra
934 2251 985 2330 jus
1005 2254 1090 2316 tertii

155 2348 189 2406 et
202 2345 234 2404 in
248 2345 366 2406 bonum
381 2345 501 2405 fraudis
516 2348 546 2407 et
560 2344 695 2424 injuriae,
713 2363 775 2407 non
791 2345 922 2408 solvitur
935 2366 942 2420 ;
960 2347 1016 2408 sed
1035 2349 1088 2428 qui

155 2441 271 2503 timens
287 2441 452 2518 contraxit,
467 2447 571 2521 potest
584 2441 702 2502 factum
722 2442 958 2505 matrimonium
973 2460 1090 2503 conva-

157 2535 270 2612 lidare,
287 2535 385 2598 libere
401 2540 432 2598 et
445 2540 556 2615 sponte
572 2537 779 2598 ratihabendc
795 2538 879 2618 quod
894 2537 1011 2599 lactum
1026 2543 1087 2616 est,

159 2641 189 2698 1ο
204 2655 262 2715 per
276 2637 421 2716 copulam
436 2635 593 2716 conjugali
608 2637 722 2699 affectu
738 2642 769 2699 et
787 2655 859 2699 cum
877 2639 1008 2700 scientia
1022 2639 1089 2700 nul·

156 2731 264 2808 litatis,
281 2735 313 2791 2⁰
327 2750 384 2810 per
397 2731 579 2792 diuturnam
594 2733 625 2794 et
639 2735 845 2809 spontaneam
864 2732 1090 2796 habitationem

159 2847 232 2890 cum
247 2828 388 2904 scientia,
405 2831 465 2890 etc.

200 2924 277 2984 XLI.
299 2927 330 2984 2⁰
351 2922 466 3002 Raptus
487 2923 628 2984 dicitur-z
658 2920 784 2986 Violccto
806 2922 937 2983 mulieris
957 2923 1092 2984 abductio

160 3018 196 3079 dc
210 3019 269 3080 loco
283 3019 314 3078 in
329 3017 421 3080 lorum
436 3019 618 3080 matrimonii
630 3017 821 3079 contrahendi
833 3037 931 3098 causa.
953 3096 955 3100 .

206 3115 347 3189 Violema,
367 3122 402 3176 ut
422 3116 633 3197 distinguatur
654 3135 673 3176 a
694 3115 875 3176 seductione
897 3132 960 3194 qua
980 3114 1093 3175 mulier

161 3211 369 3289 suasionibus,
400 3216 431 3272 et
453 3211 613 3274 blanditiis
636 3211 685 3272 vel
709 3209 778 3272 aliis
800 3211 901 3273 modis
916 3212 1094 3273 consentiat

163 3307 272 3388 fugere
287 3325 360 3369 oum
374 3308 443 3370 viro
456 3308 539 3369 lares
554 3325 637 3369 suos.

200 3403 348 3469 diductio
369 3404 404 3466 de
426 3405 487 3467 loeo
510 3404 541 3465 in
565 3403 679 3479 locum
703 3402 822 3466 furtum
846 3402 930 3464 enim
953 3403 1093 3466 mulieris

164 3504 221 3564 est.
