2504 4024
157 267 215 326 116
363 274 590 322 rusmrumonss
609 275 692 322 ruris
714 275 869 322 cenorum.

196 418 362 482 Iadioiduo.
386 452 426 466 -
442 416 651 494 Indivisihilie,
672 416 737 478 sive
752 417 893 480 absolute
907 422 1090 499 rumpendo

157 516 315 576 vinculum
329 515 394 576 sive
411 512 623 594 protrahendo
642 513 802 576 vinculum
823 514 864 576 ad
881 515 958 576 alias
977 533 1090 594 perso-

156 630 222 687 nas,
239 615 355 688 prater
369 627 465 672 unum
480 612 511 670 et
525 625 631 669 unam.

195 706 222 766 A
237 704 299 766 Bao
316 703 401 764 eertr'e
420 701 528 783 lepidus
547 699 712 762 immediate
731 699 983 764 meritamente
1002 702 1090 765 ohti-

156 803 209 862 net
222 805 333 878 typum
347 798 528 878 religiosum
546 814 611 876 prae
626 795 747 860 caeteris
762 799 974 862 contractibus
988 803 1088 864 etso-

156 895 329 957 cietatibus.

194 988 246 1050 Ad
258 989 435 1067 reciprocum
449 986 517 1048 vitre
529 985 666 1047 solamen.
683 988 738 1048 Est
756 986 839 1048 enirn
858 987 995 1050 amicitie
1011 989 1086 1048 finis

156 1083 328 1148 essentialis
349 1081 442 1160 hujus
463 1080 631 1143 societatis.
650 1083 718 1142 Non
739 1081 784 1142 sic
804 1083 996 1161 procreati03
1019 1100 1086 1143 non

155 1178 284 1241 enimin
298 1177 411 1256 copula
425 1175 667 1255 estconjugium
682 1194 689 1236 :
713 1175 837 1254 nuptias
857 1194 920 1237 non
936 1177 1085 1238 concubi-

155 1276 216 1348 tus,
227 1270 282 1332 sed
294 1288 463 1332 consensus
472 1268 557 1330 feeit.
571 1268 633 1330 Sed
644 1268 722 1328 ordo
733 1268 773 1328 ad
788 1267 1022 1348 generationem
1037 1275 1087 1329 est

155 1368 228 1430 lruic
252 1365 391 1428 societati
416 1364 579 1438 naturalis,
603 1381 677 1423 nam
700 1365 747 1424 cst
769 1362 910 1425 institute
932 1367 1085 1443 tanquam

154 1464 292 1525 medium
307 1459 552 1541 propagationis
571 1459 635 1521 Sed
649 1461 738 1521 actus
752 1476 815 1520 non
830 1462 877 1522 est
895 1462 1081 1538 praeceptus,

154 1558 209 1619 sed
224 1560 316 1618 uetus
331 1557 399 1634 ipso
414 1553 561 1616 instinctu
576 1557 700 1615 natura.
719 1554 781 1615 Sed
798 1557 944 1616 manente
957 1554 1019 1614 fine
1035 1571 1086 1612 cs-
1170 1585 1175 1592 ·

154 1651 287 1726 sentiali,
304 1652 435 1728 possunt
455 1650 605 1730 conjuges
623 1651 697 1713 huic
715 1653 906 1714 renuntiare.
924 1653 1034 1734 (Maria
1053 1657 1086 1716 et

153 1750 170 1810 J
173 1747 271 1825 oscph
283 1778 324 1792 -
338 1747 446 1821 Senes,
463 1745 609 1824 steriles.)
625 1746 658 1806 Si
672 1747 738 1824 fiat,
755 1746 818 1808 suis
832 1747 955 1826 legibus
968 1747 1083 1827 guber·
1158 1827 1162 1833 Ι

154 1846 266 1904 natur:
284 1842 370 1902 aliud
381 1840 451 1902 finis
463 1859 482 1901 a
492 1844 605 1918 natura
615 1841 751 1903 intentus
766 1841 798 1902 in
814 1844 981 1920 communi,
997 1842 1084 1904 aliud

153 1938 193 1998 ab
213 1936 385 1998 individuo.
408 1937 443 1996 ln
464 1936 633 2012 communi,
659 1936 793 1999 intendit
807 1939 1001 2018 progeniem,
1027 1938 1085 2000 scd

153 2032 273 2094 nonita
289 2033 322 2094 ut
336 2033 402 2092 sine
416 2049 455 2092 ea
469 2048 531 2092 non
546 2032 732 2096 coexisteret
745 2032 990 2095 matrimonium.

335 2195 337 2199 '
423 2196 457 2241 11.
470 2197 501 2242 lte
512 2197 669 2254 degradatione
680 2197 818 2242 matrimonii.

191 2320 230 2382 ll.
242 2319 301 2381 Diu
316 2336 378 2380 non
393 2318 479 2382 stetit
492 2316 613 2380 indoles
627 2315 1002 2394 primitivamatrimonii;
1019 2333 1084 2378 non

152 2419 258 2477 tamen
279 2413 363 2492 quod
385 2412 539 2493 objective
560 2411 750 2498 matrimonii
773 2415 896 2486 natura,
913 2413 944 2472 et
966 2411 1016 2472 lex
1038 2411 1083 2472 illi

152 2507 347 2586 respondens
358 2512 389 2570 et
403 2527 442 2569 ex
456 2527 493 2570 ea
513 2511 673 2588 profluens
687 2507 845 2569 immutari
863 2507 1009 2584 potuerit,
1026 2508 1083 2568 sed

153 2607 307 2684 quatenus
321 2621 378 2681 per
391 2609 555 2682 peccatum
569 2605 754 2684 degradato,
763 2607 877 2666 natura
890 2605 993 2683 impar
1007 2623 1083 2684 quo·

153 2696 321 2761 dammodo
333 2699 443 2769 effecta
454 2702 510 2775 est,
523 2718 593 2778 quae
604 2700 686 2761 illius
701 2700 865 2778 primitivae
878 2699 1082 2762 institutionis
1158 2763 1162 2770 ,

152 2793 350 2855 sanctitatem
382 2798 541 2870 servaret,
576 2795 741 2875 legemque
768 2795 814 2856 illi
840 2795 1083 2874 respondentem

152 2889 348 2967 adimpleret.
366 2891 519 2968 Namque,
532 2891 700 2952 attenuatis
715 2909 773 2970 per
785 2897 949 2969 peccatum
963 2890 1082 2950 viribus

151 2985 327 3047 intellectus
347 2989 379 3048 et
401 2985 585 3063 voluntatis,
611 2986 748 3066 impares
772 2987 873 3048 effecti
897 3003 1003 3048 sumus
1028 2985 1084 3065 qui

74 3071 75 3076 ¹
153 3084 331 3145 universam
364 3084 468 3163 legem
501 3085 677 3148 naturalem
712 3084 896 3163 concipere,
932 3083 1081 3162 illamque

153 3179 324 3258 adimplere
338 3179 503 3258 possimus.
533 3237 535 3244 .

191 3274 263 3332 lam
285 3291 359 3335 vero
380 3273 460 3353 juris
481 3273 632 3336 naturalis
652 3292 715 3335 non
736 3274 852 3354 exigua
870 3291 944 3352 pare
965 3277 1012 3336 est
1029 3272 1083 3352 jus

152 3367 393 3444 matrimoniale,
410 3373 441 3431 ct
454 3370 479 3429 si
495 3388 565 3449 quae
582 3369 662 3450 juris
677 3370 827 3432 naturalis
841 3388 914 3450 pars
928 3374 975 3432 est
991 3368 1080 3448 cujus

152 3467 297 3542 respectu
326 3467 446 3524 natura
471 3469 585 3527 nostra
613 3465 801 3528 inordinatio
824 3469 927 3544 potest
952 3463 1081 3544 speciali
