2476 4022
158 265 198 325 56
366 273 591 322 rusmrnnronns
612 273 694 320 iners
717 271 870 320 cauomcr.

157 431 209 486 tur
230 443 267 485 ex
287 425 355 503 ipsa
374 419 548 483 differentia
566 417 776 497 liturgiarum,
792 421 868 482 dum
886 421 918 480 in
939 419 976 482 iis
997 420 1088 482 subs-

156 518 297 580 tantialie
318 515 520 578 concordant.
545 513 658 576 Mirum
681 515 788 574 autem
809 531 871 574 non
895 513 1039 576 videatur
1061 517 1089 578 si

157 616 303 698 quadam
323 615 457 695 liturgia
476 613 601 674 nomine
615 611 828 691 apostolorum
847 616 1085 691 nuncupentnr3

155 712 302 776 videntur
322 712 406 773 enim
426 709 529 789 potius
551 725 588 768 ex
611 705 649 768 iis
670 723 739 786 quae
760 702 892 784 apostoli
913 705 1089 771 docuerant

154 813 358 885 concinnatae,
375 826 470 888 quam
484 807 524 867 ab
537 806 613 884 ipsis
628 805 776 884 apostolis
791 805 985 884 conscriptae.

194 907 260 967 Hoc
273 919 388 963 munus
402 898 615 979 apostolorum
634 915 696 959 non
716 901 784 959 erat
801 898 1087 962 musordnarium

154 997 356 1080 apostolatus,
367 994 423 1055 sed
433 992 631 1072 episcopatus
646 991 839 1054 ordinarium
853 1009 977 1069 munus,
989 999 1087 1073 prout

153 1092 348 1157 conducebat
361 1083 402 1153 ad
416 1089 556 1169 regimen
571 1088 764 1150 ordinarium
785 1089 1001 1152 ecclesiastica
1021 1091 1084 1154 dis

153 1189 285 1269 ciplinae.
302 1187 411 1248 Solum
424 1183 599 1245 differentia
611 1183 693 1245 inter
706 1183 862 1263 apostolos
873 1187 905 1245 et
919 1186 1084 1266 episcopos

150 1288 183 1348 in
205 1305 242 1348 eo
263 1288 324 1347 stat
345 1282 429 1364 quod
449 1298 563 1343 munus
581 1281 773 1360 apostolatus
794 1297 857 1342 non
872 1286 939 1344 erat
958 1284 1014 1344 nni
1031 1284 1083 1346 vel

151 1384 242 1448 alteri
272 1381 419 1445 Ecclesia
454 1379 716 1457 circumscriptus.
754 1379 908 1440 Caeterum
943 1381 1082 1460 episcopi

150 1487 222 1561 post
253 1475 415 1559 'apostolos
448 1474 590 1554 liturgias
627 1479 879 1554 composuerunt.
915 1477 962 1539 lta
995 1479 1080 1557 apud

151 1573 378 1635 Alexandrinos
393 1571 516 1633 Marcus
530 1573 561 1632 et
575 1571 807 1643 Nazianzenus;
826 1571 911 1650 apud
930 1573 1082 1635 Constan-

149 1671 369 1750 tinopolitanos
388 1667 520 1729 Basilius
539 1669 570 1730 et
588 1668 839 1746 Chrysostomus.
857 1669 921 1747 Ipsi
940 1670 1081 1732 haeretici

150 1766 316 1829 orientales
330 1765 470 1846 priorum
486 1766 663 1844 temporum
681 1763 799 1826 hahent
815 1764 958 1845 liturgias
976 1785 996 1828 a
1014 1767 1079 1828 suis
1118 1823 1122 1830 .

148 1862 301 1943 episcopis
315 1860 473 1923 confectae
489 1879 497 1920 t
515 1859 559 1920 sic
574 1858 759 1935 Nestoriani,
775 1861 938 1937 tacebitne,
955 1866 1015 1925 etc.

188 1962 305 2023 Verum
323 1956 390 2036 jam
410 1959 478 2018 tum
498 1975 518 2017 a
538 1955 646 2034 primis
665 1957 797 2032 saeculis,
814 1959 988 2036 praesertim
1006 1965 1078 2040 post

147 2053 272 2115 sedatas
284 2051 528 2133 persecutiones,
545 2054 689 2113 curatum
703 2055 799 2114 estut
819 2053 954 2132 liturgiae
974 2060 1079 2118 essent

146 2167 208 2229 quo
223 2149 290 2211 fieri
311 2153 417 2228 posset
436 2147 531 2208 modo
547 2147 726 2210 uniformes.
744 2149 913 2229 Disciplina
932 2150 1077 2230 liturgica

146 2248 194 2308 est
216 2261 281 2326 prae
305 2245 367 2308 alia
388 2245 473 2305 omni
496 2243 660 2323 disciplina
680 2244 814 2306 maxime
836 2263 909 2307 cum
928 2245 1076 2325 dogmate

145 2357 297 2417 connexa,
314 2341 454 2420 vproinde
477 2339 567 2402 sicuti
590 2357 689 2400 unum
712 2345 779 2403 erat
802 2340 928 2419 dogma,
954 2343 1003 2404 ita·
1021 2361 1078 2404 cu-

144 2437 245 2499 randa
266 2455 330 2496 una
350 2436 524 2515 disciplina.
545 2436 701 2497 (iurarunt
722 2436 853 2499 concilia
871 2436 1077 2517 provincialia

142 2532 175 2592 in
196 2531 356 2592 occidente
378 2530 629 2593 conformitatem
645 2531 780 2612 liturgia
796 2532 999 2594 ecclesiarum
1013 2532 1076 2604 suf-

142 2627 364 2705 fraganearum
384 2644 456 2686 cum
474 2625 615 2687 Ecclesia
632 2628 874 2706 metropolitana
890 2647 896 2689 :
913 2626 987 2688 inde
1001 2645 1075 2706 pro-

143 2720 228 2781 diere
243 2721 378 2798 quatuor
390 2718 523 2799 liturgiae
539 2720 715 2800 praecipuae,
728 2723 894 2802 gallicana,
912 2721 1074 2802 hispanica

141 2816 190 2877 vel
204 2815 412 2893 mozarabica‚
429 2817 639 2894 ambrosiana,
656 2835 797 2880 romana.

182 2912 244 2974 Sed
263 2914 299 2974 a.
316 2913 492 2989 Pontifices,
509 2918 543 2975 nt
561 2919 647 2992 patet
666 2933 704 2976 ex
722 2915 853 2994 epistola
871 2917 939 2978 Inn.
956 2917 980 2978 Ι.
1001 2931 1072 2994 qua

140 3009 274 3072 refertur
292 3027 319 3069 c.
337 3011 385 3069 ll.
403 3007 538 3070 distinct.
558 3013 607 3090 ll,
623 3011 768 3074 timentes
788 3030 826 3072 ne
849 3011 889 3074 ob
910 3011 1072 3073 diversita-

138 3106 202 3164 tem
217 3105 416 3184 liturgiarum
430 3091 567 3164 h'aeretici
582 3109 710 3183 possent
730 3107 927 3167 occasionem
941 3105 1070 3184 amplio-

139 3216 206 3258 rem
227 3218 349 3260 snmere
370 3198 601 3279 praescindendi
623 3201 726 3262 sinum
749 3202 906 3278 Ecclesiae,
932 3218 989 3279 pro
1013 3217 1071 3262 sue

138 3292 335 3373 providentia
349 3291 507 3370 curarunt,
520 3294 585 3355 sive
597 3293 669 3374 jure
679 3297 843 3376 primatus,
853 3297 918 3357 sive
929 3295 1001 3376 jure
1015 3312 1069 3374 pa-

137 3388 326 3452 triarchatus
345 3394 376 3451 et
391 3390 537 3452 Ecclesia
556 3392 693 3455 matricis
710 3394 742 3454 in
761 3392 908 3455 ecclesias
927 3391 1068 3454 occiden-

138 3484 226 3561 tales,
250 3487 285 3547 ut
304 3483 433 3563 liturgia
453 3501 583 3548 romana
600 3488 803 3568 reciperetur,
826 3490 860 3550 ut
881 3487 998 3566 factum
1021 3489 1068 3548 est
