2548 4020
156 222 214 280 216
363 231 591 278 rusurrorronus
612 232 695 277 rums
718 231 872 278 usnemun

155 375 336 440 trimonium
350 374 456 437 statim
468 373 628 452 subsistat,
644 377 699 435 aut
713 373 834 436 nullum
846 373 897 452 sit,
908 375 1086 436 seeundum

154 473 238 554 quod
253 489 329 533 vara
342 470 437 533 fuerit
450 477 505 531 aut
518 469 598 531 falsu
612 469 763 531 conditio.

195 572 228 634 Si
242 587 316 632 vero
332 568 524 652 conditiones
538 567 655 628 fuerint
674 567 810 646 propriae
829 577 861 627 et
878 569 1083 648 suspensiva,

153 667 361 730 communiter
383 664 569 740 admittitur,
599 663 678 744 quia
701 663 726 724 si
754 662 926 741 purificata
954 663 1083 742 fuerint,

152 765 276 826 illarum
300 763 439 838 effeetuS,
463 759 686 822 retrotrahitur
709 758 750 820 ad
773 763 898 838 tempus
922 759 990 821 initi
1011 778 1085 822 oon-

151 864 280 935 traotus,
297 862 329 920 et
342 857 387 916 ita
407 855 582 936 conjunctis
601 854 807 934 temporibus,
829 854 944 916 aeeidit
963 859 996 916 ut
1014 874 1083 916 ma·

150 955 333 1016 trimonium
356 952 395 1013 ab
416 951 505 1012 initio
527 951 642 1026 valeat,
667 955 722 1012 aut
744 950 864 1012 nullum
886 951 935 1012 sil.
959 951 1085 1012 Adsunt

151 1052 301 1112 nonnulla
314 1065 466 1128 responsa
480 1049 527 1108 Pii
540 1049 567 1110 V
582 1049 632 1110 vel
647 1049 814 1110 Clementis
831 1050 899 1112 VIII
913 1049 1083 1111 iriensibus

149 1146 371 1229 peculiaribus,
401 1163 472 1226 qua
496 1145 578 1205 hano
602 1144 782 1224 opinionem
805 1146 1003 1222 confirmant,
1028 1145 1084 1226 qui

149 1243 296 1305 videlicet
310 1242 456 1303 dixerunt
469 1241 502 1301 in
516 1259 591 1302 easu
606 1240 758 1318 peouliari
772 1258 899 1302 neeesse
914 1241 1082 1304 nonfuisse

149 1357 302 1402 renovare
317 1355 504 1400 eonsensum
519 1355 628 1399 eoram
640 1338 792 1416 parocho.

190 1438 252 1499 Seu
268 1436 455 1514 aliisplaoet
472 1434 667 1497 conditiones
685 1434 884 1513 suspensivas
904 1451 967 1495 non
988 1451 1080 1514 posse

149 1533 294 1611 componi
308 1548 380 1592 oum
394 1531 592 1592 matrImonio
612 1529 650 1590 de
665 1530 824 1609 praesenti,
839 1531 885 1590 ita
898 1531 1079 1610 postulante

48 1617 61 1640 “
148 1628 286 1708 conjugii
300 1634 425 1704 natura,
443 1645 513 1708 qnae
528 1626 710 1708 eonjugium
724 1627 756 1688 in
771 1645 922 1705 suspenso
938 1645 1080 1689 essenon

147 1723 236 1798 sinit;
259 1723 348 1802 eujus
370 1723 418 1783 rei
440 1741 546 1799 eausa,
572 1723 740 1803 singularis
763 1722 929 1801 disciplina
950 1727 1081 1801 recepta

148 1824 205 1898 est,
235 1823 270 1882 ut
297 1821 476 1881 oontraotus
504 1821 698 1898 sponsalium
719 1821 924 1900 praecederet,
955 1821 1079 1900 quoties

147 1919 343 1978 contractum
364 1914 502 1996 conjugii
520 1915 553 1976 in
572 1916 657 1977 aliud
675 1922 810 1998 tempus,
831 1917 938 1980 souin
958 1922 1080 1978 oertmn

147 2016 295 2072 eventum
308 2011 427 2071 differri
442 2009 614 2087 expedIret.

185 2107 255 2166 Non
269 2109 374 2164 tamen
387 2103 461 2164 iude
476 2105 597 2166 oensuit
611 2104 791 2185 hujusmodi
811 2105 1005 2168 eondItiones
1019 2125 1077 2186 pro

146 2218 209 2261 non
223 2199 354 2279 adjectis
368 2200 490 2277 haberi,
513 2201 569 2262 sed
590 2205 713 2263 tantum
735 2204 840 2264 aetum
852 2220 924 2263 non
944 2221 1078 2281 suspen-

146 2297 220 2358 dere
242 2301 274 2358 et
293 2297 409 2358 resolvi
429 2298 459 2358 in
479 2296 615 2376 modum,·
636 2299 719 2359 unde
736 2303 1079 2364 accurateteneantur

145 2395 376 2470 contrahentes,
393 2393 497 2473 quoad
512 2394 571 2473 ipsi
583 2401 743 2473 poterunt,
757 2401 791 2456 ut
801 2396 861 2458 illae
871 2396 1073 2475 impleantur.

145 2490 244 2568 Hujus
258 2488 419 2550 sententiae
434 2495 481 2552 est
494 2491 624 2552 Berardi
640 2494 693 2571 qui
708 2494 799 2555 affert
814 2493 992 2571 exemplum
1006 2509 1076 2553 ma-

144 2585 283 2646 trimonii
297 2587 449 2648 contracti
463 2586 521 2647 suh
537 2587 716 2650 oondItione
732 2607 739 2650 :
757 2588 795 2650 Si
806 2596 920 2650 eentum
934 2587 965 2647 io
978 2585 1074 2648 dotem

145 2681 268 2744 decimis.

184 2781 251 2840 Uno
266 2777 363 2838 verbo
378 2782 433 2840 aut
453 2778 524 2840 talis
543 2797 631 2841 mens
652 2780 899 2861 deprehenditur
918 2799 981 2860 qua
1000 2797 1074 2841 oon-

142 2875 302 2937 trahentes
316 2874 472 2936 voluerint
488 2892 547 2953 per
566 2893 636 2936 eam
655 2877 866 2939 conditionem
883 2880 989 2939 aetum
1008 2895 1074 2936 sus-

142 2973 281 3050 pendere
295 2971 345 3034 vel
360 2989 433 3033 non.
452 2972 485 3033 Si
499 2971 655 3034 voluerint
668 2977 774 3035 aetum
783 2973 987 3053 suspendere,
1000 2973 1075 3033 Iioet

142 3069 241 3130 verba
253 3068 440 3148 protulerint
458 3070 497 3129 de
516 3069 674 3147 praesenti,
696 3088 866 3132 consensus
886 3088 948 3132 non
968 3073 1014 3130 est
1033 3070 1073 3129 de

141 3166 299 3242 praesenti,
322 3169 354 3226 et
375 3166 609 3228 matrImonium
631 3164 709 3226 illud
732 3167 899 3228 resoIvItur
920 3166 952 3225 in
977 3182 1074 3243 spon-

141 3260 220 3320 salia
238 3261 318 3339 (oap.
341 3279 359 3323 v
382 3261 420 3322 de
439 3261 700 3340 Gonditiouibus).
722 3263 754 3324 Si
774 3279 848 3324 vero
869 3280 959 3322 mans
976 3260 1074 3321 fuerit

141 3359 247 3420 aetum
261 3375 323 3428 non
338 3360 561 3443 suspendendi,
578 3358 726 3436 nundino,
744 3378 782 3422 ex
791 3360 830 3422 ils
841 3379 911 3441 qua
922 3358 1069 3436 diximus,

139 3449 307 3512 resolvitur
321 3451 352 3510 in
365 3451 493 3516 niodum.
