2548 4020
164 309 223 370 268
371 317 600 364 rusrrrorrouss
622 317 704 362 runis
726 316 882 362 canonica

469 524 481 571 s
497 518 517 563 1.
532 530 560 563 ur
574 527 625 562 nun
639 527 788 562 crursrrnnu.

201 659 280 720 XIX.
297 655 433 719 Ecclesia
449 670 547 715 annos
569 657 814 732 computatnon
835 651 982 713 emundi
1007 655 1093 714 area<

161 738 331 831 tione,sed
346 771 365 811 a
379 750 488 813 mundi
508 750 611 828 potius
632 748 858 826 redemptione,
880 765 943 808 non
962 765 981 807 a
1000 748 1091 827 primi

129 835 130 838 ¹
161 849 297 910 hominis
312 849 411 909 Adam
423 846 609 907 formatione
625 846 656 905 in
674 861 736 923 quo
750 860 861 905 omnes
881 843 1087 922 peccavimus,

161 945 216 1006 sed
231 963 250 1005 a
264 929 425 1006 natiuitate
433 941 562 1004 secundi
572 940 673 1003 Adam
683 941 795 1002 Christi
805 958 861 1019 per
871 957 965 1018 quem
979 957 1091 1003 recon-

161 1040 254 1103 ciliati
270 1055 377 1098 sumus
392 1040 466 1098 Deo.
493 1039 607 1096 Parum
629 1037 714 1098 enim
733 1036 824 1098 nobis
848 1037 935 1099 nasci
958 1035 1086 1115 profuit,

161 1136 220 1197 nisi
234 1134 343 1196 redimi
358 1133 534 1213 profuisset.
550 1132 625 1192 AEra
640 1132 734 1211 igitur
747 1132 914 1194 christiana
929 1148 998 1211 quaa
1013 1130 1092 1194 dici-

160 1238 211 1294 tur
234 1230 328 1292 hodie
353 1247 416 1291 aera
443 1228 598 1308 vulgaris,
624 1233 672 1288 est
692 1236 767 1289 arms
788 1227 912 1304 Christi,
938 1244 995 1288 sau
1014 1234 1090 1289 sunt

160 1322 235 1383 anni
249 1322 289 1383 ab
304 1321 517 1383 incarnatione
532 1321 580 1382 vct
601 1319 760 1382 nativitate
781 1319 903 1383 Christi.
921 1322 1090 1401 desumpto

160 1421 266 1481 autem
280 1424 420 1497 tempore
445 1434 501 1478 sen
522 1435 605 1478 anno
624 1416 791 1479 nativitatis
813 1416 926 1478 Christi
941 1424 1090 1494 tanquam

160 1516 280 1595 epocha
295 1514 379 1576 unde
394 1515 467 1574 anni
481 1515 746 1593 computarentur,
772 1531 871 1576 anuos
887 1514 940 1592 qui
964 1513 1088 1576 telicem

159 1611 244 1670 iliam
258 1610 411 1691 epocham
426 1614 663 1689 precesserunt,
680 1609 720 1672 ab
734 1610 844 1671 eadem
855 1611 977 1688 epocha
990 1613 1088 1672 retro-

159 1704 300 1766 cedendo
315 1705 438 1782 signare
453 1706 533 1768 solet
546 1707 696 1784 tauquam
711 1723 811 1766 annos
820 1705 968 1784 primum,
981 1722 1092 1767 secun-

42 1881 44 1886 ,
159 1801 233 1862 dum
247 1806 319 1862 ante
339 1801 496 1864 Christum
520 1807 639 1863 natum.
658 1804 711 1863 Est
735 1819 810 1882 ergo
833 1803 865 1862 in
888 1802 1033 1864 Ecclesiae
1058 1808 1090 1865 et

157 1895 279 1976 vulgari
298 1913 357 1956 usu
376 1896 511 1976 positum
530 1897 614 1975 quod
633 1896 777 1958 nativitas
800 1897 913 1959 Christi
936 1900 1087 1976 tanquam

159 1993 301 2052 centrum
315 1989 555 2068 computationis
578 1988 642 2051 sive
665 1985 929 2065 antecedentium,
952 1987 1017 2049 sire
1038 2006 1085 2049 se·

157 2086 321 2165 quentium
336 2085 522 2146 saeculorum
545 2084 758 2162 constituetur,
783 2084 872 2146 sicuti
893 2084 1007 2146 Christi
1027 2085 1085 2152 ad·

156 2188 268 2245 ventus
295 2183 354 2244 fuit
380 2197 475 2243 causa
503 2181 610 2242 salutis
645 2181 708 2242 sive
744 2180 996 2243 antecedentium
1024 2180 1088 2242 sive

157 2275 354 2354 sequentium
369 2276 567 2337 seculorum.

196 2373 359 2450 Disputant
373 2370 485 2433 eruditi
499 2368 740 2450 chronotogistae
756 2369 796 2431 de
811 2387 894 2430 anno
918 2369 1086 2434 nativitatis

156 2470 267 2534 Christi
281 2469 415 2548 Domini,
433 2475 464 2530 et
478 2470 672 2548 exploratum
687 2475 734 2533 est
757 2470 902 2531 omnihus
925 2476 1086 2532 auctorem

156 2585 227 2628 certa
247 2567 383 2646 vulgaris
403 2585 465 2646 qua
488 2583 546 2628 nos
569 2568 601 2628 in
622 2567 733 2630 Christi
756 2568 845 2631 annis
865 2568 1086 2630 enumerandis

155 2664 279 2736 utimur,
305 2662 474 2741 deceptum
498 2680 584 2740 esse,
608 2682 680 2725 cum
702 2665 858 2726 Christum
882 2665 991 2727 natum
1014 2683 1084 2728 esse

150 2758 298 2838 judicarit
311 2775 394 2820 auno
408 2763 467 2822 753
482 2760 675 2823 Varroniano
689 2761 729 2822 ab
747 2763 826 2824 urbe
849 2760 985 2840 condita,
1009 2762 1085 2823 dum

153 2858 236 2918 certe
250 2858 322 2935 post
335 2872 452 2916 annum
466 2858 502 2920 U.
519 2856 551 2917 C.
570 2859 628 2918 ’149
641 2860 733 2919 natus
748 2875 811 2919 non
826 2864 873 2920 est
889 2877 895 2918 :
913 2857 976 2918 imo
993 2856 1082 2918 valde

151 2952 354 3033 probabiliter
377 2956 547 3027 annethi,
567 2955 602 3015 et
624 2953 745 3033 imperii
769 2953 929 3014 Octaviani
950 2952 1081 3034 Augusti

152 3047 310 3129 trigesimo
325 3050 446 3111 octavo.
462 3048 540 3110 Vide
552 3049 671 3126 Palma,
689 3049 767 3112 Hist.
784 3050 866 3110 huot.
890 3051 956 3111 Hoc
969 3049 1083 3129 prohat

150 3142 234 3221 quod
248 3143 321 3204 anni
336 3147 409 3204 ante
423 3159 519 3203 caram
542 3143 705 3222 vulgarem
720 3158 785 3202 non
794 3144 856 3204 sint
869 3157 994 3218 semper
1007 3140 1082 3201 anni

152 3243 224 3300 ante
247 3241 401 3303 Christum
426 3247 551 3319 natum,
577 3245 608 3302 et
628 3241 712 3320 quod
736 3244 818 3303 esset
839 3238 1023 3319 corrigenda
1047 3243 1080 3298 ut

149 3333 240 3394 annis
254 3337 366 3398 Christi
377 3339 599 3416 responderet;
616 3336 672 3398 sed
682 3337 977 3419 nouimpeditquod
987 3352 1080 3396 mens

151 3428 295 3490 Ecclesiae
314 3433 357 3494 sic
371 3433 578 3512 computantis
592 3433 631 3496 sit
645 3451 682 3496 ea
697 3451 793 3513 quam
808 3433 1037 3497 recensuimus.
