2530 4016
165 271 222 332 clo
371 274 601 326 rrsrrrurrorus
621 273 703 323 rents
726 269 880 322 errorum.

166 425 315 506 corporis,
331 428 427 502 prout
439 421 536 504 gessit
549 420 614 482 sire
628 417 746 481 bonum
759 418 826 480 sive
847 415 976 477 malum.
997 417 1096 478 Porro

165 525 196 586 in
211 523 270 582 hac
288 519 481 582 districtione
498 517 610 598 judicii
632 517 735 596 potest
758 513 885 594 spiritus
907 512 1042 574 hominis
1062 513 1097 572 in

164 616 281 698 duplici
297 619 380 680 statu
394 614 536 696 reperiri,
553 613 700 676 videlicet
720 611 752 672 iu
766 614 850 673 statu
865 610 1027 673 charitatis
1042 615 1099 670 aut

166 731 240 774 non.
257 712 290 775 Si
305 712 432 794 quidem
445 711 478 771 in
492 713 575 772 statu
589 708 750 770 charitatis
764 726 828 770 non
837 705 1024 788 reperiatur,
1041 723 1099 767 vo-

166 811 271 872 luntas
284 807 366 870 illius
376 827 395 868 a
405 810 470 870 Deo
484 823 596 868 eversa
610 823 674 867 non
688 806 791 885 potest
800 803 856 865 Dei
865 804 1013 868 societate
1023 801 1097 878 frui,

167 905 298 987 proinde
313 921 333 964 a
346 903 491 966 fruitione
506 901 563 963 Dei
577 904 719 964 remanet
732 899 868 978 exclusa,
885 905 917 960 et
936 897 1100 960 acerrimis

167 1006 269 1085 poenis
282 1021 339 1083 pro
354 1001 410 1064 oei
420 1001 555 1082 justitia,
568 1001 659 1081 juxta
673 999 851 1062 debitorum
869 997 1054 1078 qualitatem
1068 1003 1102 1057 et

158 1094 375 1182 'quantitatem
389 1098 568 1159 mulctatur.
581 1098 620 1159 nt
634 1113 707 1158 oum
719 1097 864 1158 voluntas
873 1094 955 1155 illius
969 1094 1001 1154 in
1016 1096 1101 1156 statu

167 1193 294 1257 termini
313 1193 507 1274 reperiatur,
528 1201 588 1254 nso
609 1191 742 1272 proinde
764 1189 898 1270 amplius
921 1190 954 1250 in
973 1188 1101 1250 diversa

168 1289 267 1370 possit
281 1289 407 1367 mutari,
424 1306 487 1350 non
506 1289 603 1351 habet
617 1287 750 1368 amplius
764 1285 956 1366 poenttentiae
977 1283 1098 1355 locum3

170 1390 201 1448 et
215 1403 287 1446 cum
301 1403 365 1448 non
385 1386 483 1466 possit
503 1377 666 1447 removere
690 1382 886 1448 obstaculum
904 1381 988 1462 quod
1004 1379 1103 1441 habet
1170 1374 1172 1378 ’

170 1483 202 1543 in
216 1499 250 1542 se
264 1484 449 1560 perpetuam
462 1499 526 1544 suae
541 1479 711 1560 punitionis
719 1479 883 1555 rationem,
900 1480 999 1539 status
1008 1475 1102 1555 puni-

125 1615 128 1620 >
169 1576 263 1640 tionis
277 1580 447 1657 perpetuus
459 1580 651 1658 perseverat.

210 1673 244 1735 Si
256 1692 332 1735 vero
347 1673 473 1752 spiritus
486 1675 622 1737 hominis
640 1673 672 1734 in
694 1674 859 1738 sanctitate
883 1679 914 1736 et
932 1670 1055 1751 justitia
1069 1672 1104 1730 et

171 1770 322 1832 charitate
337 1771 522 1848 reperiatur,
540 1769 589 1833 sui
612 1771 714 1832 ultimi
726 1770 797 1832 finis
808 1776 893 1832 certo
904 1785 1031 1831 consors
1042 1767 1103 1829 erit

170 1866 343 1947 particepe3
361 1867 506 1930 ostentm
521 1869 630 1949 etipse
646 1869 678 1930 in
692 1872 775 1931 stetu
789 1867 913 1930 termini
924 1869 955 1928 et
969 1864 1105 1927 achari-

171 1962 234 2022 tate
250 1960 384 2041 amplius
408 1961 543 2024 deficere
558 1980 621 2023 non
635 1965 756 2041 potest3
774 1962 830 2024 sed
846 1963 1028 2024 nontamen
1042 1959 1104 2019 im-

172 2055 307 2120 mediate
329 2057 370 2118 ed
388 2056 471 2118 illius
489 2058 681 2120 fonctionem
704 2057 897 2120 admittetur.
919 2058 997 2118 Cum
1016 2053 1104 2116 enim

171 2148 315 2212 restituta
324 2149 446 2229 justitia
460 2154 492 2212 et
505 2151 669 2214 sanctitate
683 2169 742 2232 per
754 2154 984 2214 sacramentum
999 2150 1105 2231 poeni·

172 2243 281 2322 tentia,
297 2249 329 2304 et
350 2243 482 2323 proinde
504 2244 641 2306 demissa
661 2245 755 2326 culpa
785 2248 816 2308 et
847 2262 942 2325 poena
971 2249 1101 2322 aeterna,

172 2339 278 2418 aliqua
304 2334 398 2419 poena
424 2340 607 2420 temporalis
633 2341 750 2403 luenda
773 2345 946 2405 remanet:
977 2343 1008 2403 et
1034 2341 1104 2401 siue

171 2436 339 2497 amissione
353 2437 622 2500 statusoharitatis
633 2437 816 2518 trequenter
825 2438 968 2500 homines
977 2455 1035 2517 pro
1045 2455 1106 2498 sua

171 2531 352 2594 infirmitate
367 2533 399 2594 in
413 2533 518 2596 varios
533 2534 673 2597 defectus
687 2552 744 2598 seu
758 2534 894 2598 venialia
912 2536 1042 2614 peccate
1054 2534 1106 2594 in-

172 2631 313 2704 currunt,
330 2630 419 2709 queis
440 2635 526 2694 certo
552 2647 660 2694 coram
682 2631 807 2693 vindice
825 2630 947 2711 justitia
969 2630 1027 2692 Dei
1047 2630 1107 2692 ali-

173 2741 236 2802 qua
250 2741 345 2802 poena
366 2727 553 2804 temporalis
563 2728 767 2807 respondeat3
791 2727 817 2788 si
839 2727 1031 2806 excipiamus
1045 2727 1107 2804 hy-

171 2818 329 2897 pothesim
356 2817 438 2881 illius
471 2822 525 2900 qui
556 2823 648 2901 plene
680 2827 834 2904 purgatus
866 2822 1019 2900 decedet,
1050 2821 1105 2902 qni

173 2912 319 2974 videlicet
333 2917 392 2976 aut·
409 2916 481 2994 post
494 2918 658 2993 receptum
681 2913 1015 2996 baptismum'nullum
1029 2932 1107 2992 peo-

173 3011 279 3069 oatum
293 3007 465 3082 admiserit,
482 3012 537 3071 aut
551 3025 653 3087 poenae
667 3009 834 3089 temporali
848 3008 898 3071 vel
912 3013 985 3088 post
997 3009 1107 3070 remis·

173 3103 293 3165 sionem
317 3105 519 3180 peccatorum
541 3105 751 3184 superstitem,
773 3110 828 3168 aut
847 3105 1022 3168 venialibus
1042 3121 1108 3167 res-

173 3200 365 3276 pondentem
379 3200 575 3280 satisfecerit,
592 3202 645 3282 qui
660 3202 761 3282 potuit
776 3202 959 3265 immediate
972 3220 1028 3263 suc
1043 3201 1107 3262 fine

175 3293 284 3356 ultimo
299 3295 403 3372 potiri,
420 3297 525 3359 oaetcri
540 3297 657 3360 dehent
673 3297 803 3378 justitiae
825 3297 939 3360 divinae
954 3296 1110 3378 promeri-

174 3393 222 3450 tas
237 3403 367 3465 poenas3
392 3397 585 3471 quapropter
603 3395 636 3454 in
650 3393 833 3473 purgatorio
848 3394 934 3456 velut
946 3397 1110 3470 tempora-

175 3501 234 3545 neo
249 3485 388 3564 quodam
401 3505 527 3549 carcere
543 3488 732 3566 detinentur,
740 3489 794 3550 uhi
809 3492 870 3551 eta
884 3489 1024 3549 fidelium
1035 3503 1109 3548 oum
