2530 4016
173 339 232 400 sle
381 341 612 391 rnsrrrurronns
632 340 714 386 snnrs
737 338 892 385 csuonrcr.

172 499 245 558 dem
260 493 414 556 charitate
429 486 740 550 communicaverunt
763 485 869 566 quoad
888 484 1034 562 vixerint,
1051 474 1123 547 ea-⁸

171 593 243 653 dem
265 588 419 650 charitate
432 585 585 645 ¹uniuntur
598 583 634 643 in
649 581 832 644 societatem
849 581 976 642 illorum
991 580 1105 646 anima

170 687 248 747 dum
263 687 396 746 mortuae
411 681 537 755 fuerint,
554 679 599 739 ita
612 677 645 738 in
658 694 756 739 unum
774 678 878 739 locum
898 678 988 758 quasi
1005 678 1040 738 in
1054 695 1106 739 so-

170 783 318 845 cietatem
333 783 364 842 et
385 776 638 840 communionem
655 774 780 850 illorum
799 773 948 836 defuncta
970 792 1106 853 corpora
1130 831 1135 838 .

172 874 415 953 congregantur,
438 873 472 932 ut
491 873 618 930 terrena
636 867 761 929 illorum
781 885 949 946 corporum
971 869 1105 930 societas

172 970 212 1032 sit
233 964 423 1030 continuatio
445 963 602 1026 sacietatis
631 980 727 1042 quam
755 963 934 1026 habuerunt
961 981 1034 1024 cum
1060 965 1106 1025 vi-

172 1064 285 1139 verint,
302 1065 333 1124 et
347 1059 505 1138 expressio
520 1058 678 1122 societatis
693 1072 789 1139 quam
804 1057 922 1121 babent
935 1063 1103 1140 postquam

171 1157 287 1222 mortui
300 1157 384 1217 sunt.

211 1255 288 1314 llaec
303 1254 409 1313 autem
422 1249 493 1311 loca
506 1238 664 1310 communi
679 1245 920 1310 christianorum
934 1246 1105 1325 sepulturae

173 1350 329 1414 destinata
342 1346 468 1410 vocavit
486 1344 648 1405 coemeteria
663 1342 752 1426 qussi
771 1341 967 1404 dormitionis
982 1342 1107 1423 requie·

172 1444 266 1520 toria,
290 1442 351 1502 loca
369 1440 527 1502 communis
549 1438 730 1500 dormitionis
750 1437 869 1517 pariter
882 1437 1056 1500 secundum
1069 1440 1107 1499 fi-

173 1539 224 1601 dei
240 1554 367 1600 sensum
386 1551 448 1615 quo
468 1535 501 1597 in
524 1535 687 1614 scripturis
708 1533 751 1612 (1³
772 1532 983 1610 Thessalonic,
999 1538 1030 1610 l,
1046 1534 1104 1613 8,),

173 1633 290 1695 mortui
303 1633 337 1693 in
353 1631 476 1693 cbristo
490 1634 643 1692 vocentur
656 1630 857 1707 dormientes,
870 1629 924 1709 qui
947 1630 1108 1692 dormiunt

173 1726 418 1808 quodammodo,
435 1725 536 1786 donec
551 1725 702 1803 angelica
715 1724 800 1786 tubae
815 1725 964 1804 clangore
979 1725 1105 1790 excitati

174 1823 214 1886 ad
228 1820 366 1884 tribunal
380 1819 494 1881 Christi
505 1819 621 1899 judicis
636 1838 670 1882 se
684 1820 805 1882 sistent.
824 1813 827 1819 ’

214 1917 326 1980 Primis
341 1920 447 1979 autem
468 1914 614 1978 Ecclesia
636 1915 769 1992 sacculis,
792 1916 837 1978 ita
857 1915 1042 1996 jubentibus
1059 1917 1107 1978 le-

172 2015 264 2096 gibus
278 2011 446 2075 duodecim
460 2012 640 2074 tabularum
659 2029 794 2090 quarum
810 2011 863 2092 jus
877 2011 918 2074 ab
936 2011 1106 2090 imperato·

172 2111 259 2172 ribus
274 2109 411 2170 Adriano
427 2109 460 2169 et
471 2107 674 2186 sequentibus
697 2106 738 2167 ad
761 2123 869 2169 omnes
890 2107 1032 2171 civitates
1047 2106 1108 2170 luit

172 2210 375 2285 protensum,
404 2205 494 2265 erant
514 2202 584 2263 locu
604 2201 773 2280 sepulturae
796 2207 886 2265 extra
907 2202 1043 2281 moenie,
1066 2204 1108 2264 si-

172 2300 301 2381 quidem
314 2297 562 2360 interdicebatur
577 2297 743 2377 quominus
758 2296 895 2361 cadaver
914 2299 998 2360 intre
1017 2299 1106 2362 urbis

174 2393 292 2458 moenie
306 2393 515 2473 sepeliretur:
538 2391 724 2455 dicebantur
741 2399 851 2455 eutem
863 2393 1013 2473 arenaria,
1030 2395 1107 2474 quia

171 2491 315 2554 solebant
328 2489 474 2551 excavari
489 2488 521 2552 in
536 2507 645 2564 arena,
669 2493 700 2553 et
722 2493 795 2552 sunt
817 2489 872 2552 illa
893 2490 1107 2554 vetustissime

171 2587 363 2664 ommeteria,
379 2587 411 2648 iu
426 2586 539 2667 quibus
553 2589 601 2648 tot
613 2586 746 2648 millium
756 2590 932 2666 martyrum
942 2591 974 2651 et
983 2587 1106 2650 confes·

171 2699 278 2744 sorum
293 2682 407 2744 Ghristi
422 2682 562 2762 reliquiae
578 2682 789 2762 requiescunt.

210 2777 291 2838 XIX.
322 2775 385 2838 Sed
413 2793 490 2854 pace
517 2777 664 2841 Ecclesiae
691 2778 850 2858 restituta,
878 2779 991 2842 erectis
1022 2779 1107 2842 inter

170 2872 288 2936 moenia
311 2871 445 2952 publicis
464 2871 614 2950 ecclesiis,
631 2892 688 2953 pro
711 2875 857 2938 Ecclesiae
877 2875 1105 2939 consuetudine

170 2968 350 3032 celebrandi
365 2967 507 3031 divinum
526 2968 717 3032 sacrificium
729 2989 824 3051 super
838 2967 909 3034 osse
927 2974 1104 3052 martyrum

169 3066 259 3130 facile
280 3065 422 3147 reliquiae
446 3067 622 3146 martyrum
634 3066 778 3139 inurbcs
791 3069 951 3132 translates
971 3072 1056 3145 sunt,
1073 3073 1105 3132 et

170 3162 228 3224 sub
243 3161 384 3225 ecclesiae
400 3162 552 3227 alteribus
573 3163 716 3242 sepulte,
740 3163 790 3226 vel
810 3164 852 3226 ed
865 3164 989 3226 illarum
1006 3164 1104 3227 hono

168 3276 236 3318 reru
251 3277 334 3322 nova
347 3259 466 3339 templu
481 3263 624 3323 extructa
638 3263 723 3322 sunt.

207 3355 267 3415 Pro
280 3355 374 3417 simili
387 3357 510 3417 ratione
522 3359 731 3436 etcorporum
745 3359 928 3420 sanctorum
942 3354 1105 3418 confesso-

167 3462 237 3506 rum
247 3449 449 3525 sepnlturain
459 3450 759 3514 Ecclesiaconcessa
769 3455 828 3530 est,
839 3470 908 3532 quae
920 3450 1033 3513 deinde
1043 3467 1102 3529 pro

166 3545 322 3605 tractuest
330 3545 370 3604 ad
378 3545 541 3626 episcopos
550 3548 719 3612 etolericos
728 3555 857 3614 extensa
865 3552 922 3627 est,
930 3547 1036 3628 prouti
1043 3547 1101 3627 qui
