2548 4020
421 264 459 308 on
481 264 610 311 caruero
630 267 712 312 Junrs
735 267 888 316 ennomus.
1060 263 1118 322 257

187 405 343 477 dirutione
357 408 414 470 has
437 426 550 489 praxes
568 411 599 470 in
623 411 818 474 occidentem
841 415 1023 480 attulerunt.
1049 422 1114 480 Hoc

187 507 350 568 evidenter
378 507 501 587 exurgit
528 526 565 568 ex
593 508 683 586 pictis
712 509 900 589 imaginibus
927 516 1114 590 pervetustis

188 602 370 684 pontificum
394 606 425 666 et
446 605 700 682 presbyterorum
723 623 855 683 quarum
881 609 987 668 Romae
1011 609 1117 686 plures

187 705 367 762 cernuntur.
384 700 447 760 Sed
468 705 502 760 ut
526 717 615 760 sacra
636 701 800 762 commode
824 710 1059 782 peragerentur,
1086 709 1117 767 et

186 797 314 859 brachia
331 804 369 859 et
382 815 494 859 manns
518 803 621 859 essent
637 799 781 877 expedita
805 817 862 861 nec
883 800 1015 879 pallium
1038 802 1117 862 iuter

187 894 345 974 agendum
365 895 543 970 decederet,
568 894 640 956 inde
664 901 772 974 pectus
797 896 945 977 conjungi
967 897 1063 976 coepit
1086 902 1117 957 et

186 991 316 1054 brachia
329 993 402 1054 hinc
417 991 489 1054 inde
505 1010 543 1053 ex
557 990 688 1053 fimbriis
701 992 954 1055 extrahebantur.
972 993 1029 1054 Alii
1043 1011 1115 1054 vero

187 1088 369 1164 Orientales‚
386 1093 420 1150 ut
434 1087 569 1149 Chaldaei
583 1095 614 1150 et
629 1089 768 1163 Armeni,
783 1089 971 1169 disJunetum
987 1089 1115 1168 pallium

187 1190 361 1257 servarunt,
378 1184 434 1245 sed
449 1183 585 1245 adbibita
600 1182 703 1244 fistula
718 1185 759 1245 ad
772 1185 910 1264 fimbrias
924 1188 997 1247 ante
1007 1189 1116 1267 pectus

184 1280 369 1360 jungendae.
385 1280 484 1342 Latini
500 1297 556 1340 seu
570 1279 783 1340 Occidentales
798 1280 927 1360 pallium
943 1286 1015 1341 ante
1038 1299 1113 1358 pec·

185 1383 235 1440 tus
257 1379 439 1458 junxerunt,
469 1378 524 1438 sed
551 1377 742 1438 cum‘nimis
770 1377 1003 1439 incommodum
1032 1382 1116 1439 esset

186 1492 265 1534 onus
289 1473 456 1536 hincinde
480 1473 653 1535 decidentis
676 1471 762 1551 pallii
786 1472 921 1535 brachiis
945 1473 1113 1546 sustinere,

185 1571 335 1649 paulatim
350 1576 540 1633 resecarunt.

184 1697 199 1730 .·
223 1669 297 1728 Haec
321 1666 448 1745 quidem
469 1665 527 1728 fuit
547 1665 634 1746 origo
658 1683 819 1728 sacrorum
843 1667 1111 1730 indumentorum.

183 1759 245 1821 Sed
268 1760 406 1821 Ecclesia
420 1777 490 1840 quae
514 1779 553 1821 ex
571 1761 717 1822 omnibus
741 1761 937 1823 occasionem
961 1764 1055 1825 sumit
1079 1771 1112 1824 ul

183 1850 223 1911 ad
238 1848 402 1912 invisibilia
416 1850 564 1913 ascendat
584 1853 614 1910 l⁰
629 1852 738 1910 Varias
758 1857 861 1912 vestes
876 1852 970 1914 variis
994 1851 1114 1912 ordini-

183 1944 242 2005 bus
266 1944 445 2024 assignavit,
461 1947 493 2005 ΞΟ
517 1942 626 2004 Varios
640 1943 779 2004 distinxit
802 1942 922 2003 colores
936 1959 993 2021 pro
1019 1942 1111 2002 variis

183 2041 431 2104 solemnitatibus
454 2059 523 2120 quae
551 2042 710 2121 gerentur,
735 2043 766 2102 3ο
792 2041 892 2100 Variis
916 2039 1110 2102 benedictio·

105 2177 112 2190 .
183 2137 274 2200 nibus
288 2139 328 2199 cd
343 2155 448 2200 sacros
461 2156 538 2198 usus
551 2139 654 2199 vestes
668 2137 725 2197 has
739 2135 915 2198 destinavit.

341 2337 347 2347 -
447 2315 459 2362 9
474 2309 522 2354 111.
537 2320 565 2354 nn
576 2319 727 2372 onunnnnrrs
740 2317 848 2354 cursnrs.

220 2428 297 2488 XlV.
314 2426 407 2487 Varia
419 2431 490 2487 sunt
505 2441 664 2486 sacrarum
672 2424 787 2485 redium
797 2429 991 2501 ornamenta,
1004 2424 1107 2502 prouti

181 2523 379 2602 candelabra,
397 2521 568 2601 lampades,
590 2538 720 2600 organa,
745 2537 808 2580 aera
832 2538 921 2582 sacra
945 2526 975 2582 et
999 2527 1110 2582 caetera

180 2620 272 2698 hujus
287 2621 421 2700 generis.
438 2621 493 2680 Hae
509 2635 560 2678 res
575 2635 685 2676 omnes
700 2617 856 2680 ordinarie
870 2617 1029 2697 loquendo
1047 2634 1109 2676 non

179 2716 418 2792 benedicuntur,
444 2714 557 2794 quippe
573 2731 642 2792 quae
666 2717 786 2776 remote
811 2715 907 2777 saeris
930 2715 1109 2776 ministeriis

178 2813 366 2874 deserviunt.
383 2810 445 2873 Sed
465 2808 648 2870 nobiliorem
669 2809 728 2870 bac
751 2810 783 2869 in
806 2826 852 2887 re,
878 2811 938 2871 boc
963 2808 1022 2868 sub
1046 2823 1109 2868 res·
1170 2851 1172 2856 ,

178 2916 269 2986 pectu
292 2909 396 2970 locum
411 2911 564 2985 occupant
585 2923 647 2966 cera
667 2923 766 2979 sacra,
792 2923 848 2967 seu
872 2903 992 2985 vulgari
1017 2920 1107 2963 voca-

177 3004 251 3065 bulo
269 3020 440 3083 campanae,
465 3019 535 3081 qua
559 3001 659 3062 solent
683 2999 863 3062 solemniter
887 3000 927 3061 ab
951 2998 1107 3077 episcopis

177 3100 319 3162 benedici
341 3106 371 3161 et
386 3116 475 3161 sacro
500 3097 569 3161 oleo
584 3096 711 3176 inungi;
738 3095 868 3175 proinde
893 3095 1045 3155 nonnulla
1067 3093 1106 3154 de

180 3195 218 3255 iis
232 3196 264 3256 in
279 3198 393 3274 specie.
786 3238 787 3241 =

215 3292 327 3355 Primis
341 3293 545 3371 temporibus,
561 3289 705 3351 videlicet
718 3288 982 3368 persecutionum,
1001 3305 1019 3347 a
1039 3287 1106 3348 dia-

176 3402 255 3447 cono
278 3387 328 3447 vel
342 3387 382 3448 ab
406 3388 466 3448 alio
480 3387 545 3446 viro
569 3385 712 3463 privatim
733 3383 987 3445 admonebantur
1009 3382 1103 3445 cbris-

175 3478 251 3540 tiani
265 3479 306 3542 de
320 3480 416 3542 sacris
431 3479 646 3542 conventibus.
