2548 4020
187 357 245 416 etc
395 362 621 410 rnsrrrurionns
643 362 725 408 roais
748 362 903 408 canonici.

188 513 342 596 graduum
356 509 547 572 auctoritatis
562 508 758 569 clericorum.
774 508 881 586 Siqua
897 507 1029 569 ecclesia
1040 526 1118 568 non·
1187 541 1195 556 ·

187 610 280 672 nullis
292 608 416 688 juribus
435 606 551 686 gaudet
565 621 659 682 supra
684 621 781 664 unam
795 607 850 665 aut
872 605 1005 665 alteram
1018 605 1061 665 ita
1084 611 1119 665 ut

188 709 229 769 ab
252 723 316 768 une
334 705 401 766 alia
424 701 656 782 quodammodo
680 706 861 779 propagatae
885 703 917 761 et
941 707 1022 762 natac
1045 701 1117 775 sint,

189 823 252 866 una
263 802 374 865 dicitnr
387 798 577 860 matricaliae
588 795 711 878 filiolam
726 796 806 859 adda
816 795 901 875 quod
910 797 1116 877 parochiales,
1134 789 1136 792 ’
1199 811 1203 820 ·

189 917 245 960 seu
260 902 375 958 curata
400 893 553 965 ecclesiae,
570 892 595 951 si
613 884 737 952 'hahent
759 891 877 952 fontem
902 891 1119 970 baptismalem

191 1009 252 1070 quo
281 988 388 1050 fideles
411 985 544 1047 aliarum
571 985 791 1064 parochiarum
820 984 937 1048 dehent
965 985 1051 1047 adire
1079 985 1118 1045 ad

191 1088 356 1166 baptisma,
373 1084 485 1145 dicitur
498 1082 705 1160 baptismalis.

231 1182 428 1262 Capellarum
455 1179 565 1241 divisio
593 1178 662 1239 haec
686 1180 745 1240 est.
776 1177 852 1240 Aliae
881 1185 953 1240 sunt
980 1177 1119 1240 ecclesiae

191 1277 356 1358 principali
371 1277 454 1338 velut
478 1293 576 1336 unum
592 1293 706 1354 corpus
730 1273 1009 1352 continuantia
1035 1278 1120 1336 extra

192 1357 356 1437 ecclesiam
382 1371 449 1434 sitae
478 1372 519 1433 ab
546 1371 678 1433 ecclesia
708 1375 858 1449 tanquam
885 1370 1048 1451 principali
1076 1389 1122 1430 se-

188 1473 316 1550 junctae.
332 1470 396 1531 Illae
411 1470 519 1548 primae
534 1468 619 1530 velut
637 1468 775 1530 ecclesiae
802 1473 980 1530 censentur.
997 1469 1052 1530 He
1076 1483 1122 1528 se·

193 1569 303 1629 cundae
318 1566 368 1628 val
380 1565 526 1646 publicos,
541 1566 592 1627 vel
608 1565 736 1645 privatae
752 1572 833 1640 sunt.

406 1735 410 1742 '
429 1746 442 1792 s
457 1740 504 1785 ΙΙΙ,
519 1751 546 1800 nu
560 1751 719 1786 resarsurum
734 1751 885 1786 slucrrrrrr.

232 1869 283 1930 Vl.
300 1864 437 1928 Ecclesia
452 1864 628 1928 considerat
642 1868 738 1929 altare
758 1873 792 1928 ut
805 1865 983 1946 symbolum
998 1865 1121 1938 Christi,

194 1963 363 2026 Ecclesiam
378 1962 456 2024 sicut
471 1963 649 2040 symbolum
664 1961 915 2044 congregationis
938 1961 1122 2024 christiano-

193 2058 340 2132 rum,ch
363 2057 564 2135 regnantium
588 2073 660 2117 cum
682 2056 813 2129 Christo,
837 2057 886 2118 vel
909 2056 1121 2133 militantium,

193 2154 243 2215 val
266 2152 477 2232 purgantium.
494 2153 667 2230 Utrumque
691 2150 832 2231 pluribus
851 2152 989 2230 mysticis
1013 2153 1124 2213 ritibus

193 2254 355 2309 consecrat
368 2253 399 2308 et
413 2263 509 2307 sacrae
523 2247 596 2307 huic
606 2245 824 2326 significationi
839 2245 972 2309 dedicat.
985 2247 1124 2308 Ecclesia

195 2343 378 2420 praesertim,
395 2346 428 2404 et
441 2342 636 2404 benedicitur
656 2342 688 2401 in
702 2340 936 2403 similitudinem
957 2342 1125 2422 baptisma·
1151 2390 1155 2400 .

195 2438 245 2514 tis,
271 2444 301 2501 et
319 2444 521 2502 consecratur
543 2439 583 2500 ad
607 2437 841 2500 similitudinem
864 2438 1120 2516 confirmationis,

195 2536 414 2598 reconciliatur
445 2538 479 2597 in
510 2536 744 2598 similitudinem
777 2536 970 2615 poenitentia
1001 2555 1008 2597 :
1041 2537 1123 2598 unde

194 2646 309 2706 magua
323 2629 427 2691 altaris
443 2637 473 2692 et
488 2632 690 2693 ecclesiarum
705 2630 863 2692 sanctitas.
881 2639 884 2646 ⁴
1187 2627 1189 2630 ’

234 2727 353 2804 anuaa
364 2731 505 2803 spectant
515 2724 774 2803 adaedilicandas,
785 2725 988 2807 reparandas,
1002 2730 1124 2790 restau-

193 2817 308 2881 randas
331 2819 479 2881 ecclesias
503 2839 576 2882 cum
599 2823 704 2884 dicant
726 2823 910 2886 relationem
935 2821 976 2882 ad
996 2823 1070 2902 jura
1093 2828 1124 2883 et

195 2916 296 2979 officia
322 2915 516 2996 singulorum
538 2915 569 2977 in
599 2918 733 2981 ecclesia
757 2921 849 2982 arunt
872 2917 1030 2996 objectum
1055 2934 1123 2997 spe·

194 3011 280 3075 cialis
294 3013 497 3077 tractationis.

545 3191 713 3238 Analuunus
736 3192 772 3239 11.

433 3307 477 3371 De
490 3309 602 3390 objecto
614 3309 708 3371 cultus
722 3309 886 3372 christiani.

233 3471 295 3531 Vll.
308 3472 470 3549 objectum
484 3475 585 3535 cultus
596 3473 766 3546 christiani,
779 3474 869 3535 sicuti
880 3478 1002 3534 cetera
1014 3489 1123 3532 omnes

195 3563 369 3640 spirituales
383 3566 527 3626 Ecclesiae
542 3584 602 3642 res,
626 3587 681 3646 pro
696 3569 836 3647 ingenita
858 3567 962 3628 indole
978 3571 1010 3629 et
1033 3585 1123 3628 cons-
