2530 4016
160 265 218 327 288
367 271 595 324 rusrrrurronns
616 269 699 322 rums
721 270 876 322 cenoman

200 431 274 490 Haeo
288 433 395 488 autem
408 432 562 508 perpetua
575 425 679 487 ollioia
693 425 939 504 distinguuntur,

200 531 230 588 10
245 527 377 588 Ratione
390 525 554 605 diguitatis,
570 520 632 586 alia
653 523 784 604 majora,
805 523 953 588 videlicet
968 524 1091 603 episeo-

159 624 253 704 11111,
270 624 331 684 alia
344 622 468 682 minora
482 639 551 700 quae
567 623 640 683 sunt
653 625 781 682 coetera.

198 725 229 782 2⁰
244 719 376 780 Ratione
392 717 507 777 toneris
522 719 576 778 aut
588 717 683 778 cneus
698 716 799 777 officio
822 734 912 778 saoro
937 717 1091 795 superad-

160 819 216 882 diti
230 819 466 895 distinguuntur
483 835 489 876 :
1005 877 1008 882 ¹

200 917 279 976 10111
300 909 429 991 duplicia
451 915 483 972 et
502 909 822 990 simpliciu.‚Duplicia
842 929 917 972 vero
938 911 972 970 in·
987 909 1090 991 digni-

157 1013 248 1086 tates,
265 1009 451 1088 personatus
466 1009 497 1068 et
511 1006 625 1066 officia.

197 1109 228 1165 10
243 1101 428 1164 Parocliialie
444 1104 475 1163 et
487 1107 590 1162 curate
606 1120 625 1162 a
639 1120 701 1164 non
719 1101 963 1181 parochialibus,
980 1105 1012 1162 et
1026 1119 1088 1164 non

157 1197 284 1258 curatis.
1015 1249 1016 1252 ,

197 1295 228 1353 3⁰
248 1291 380 1354 Ratione
401 1290 550 1352 relationis
571 1308 667 1371 quam
690 1291 797 1354 dicunt
818 1289 859 1352 ad
879 1289 940 1352 alia
959 1289 1085 1351 officia:

158 1388 219 1450 alia
233 1391 306 1450 sunt
319 1387 480 1468 collegiata,
497 1387 559 1448 alia
578 1406 636 1446 coc
649 1385 813 1466 collegiata.
831 1386 1002 1466 collegiata
1017 1403 1085 1465 quae

158 1485 343 1545 ordinantur
370 1483 412 1544 ad
436 1482 611 1544 functiones
635 1483 823 1563 collegiatim
846 1482 1038 1543 exercendas
1053 1485 1087 1542 ut

157 1581 359 1641 canonicatus
380 1579 430 1640 vel
457 1579 611 1640 beneficia
639 1579 826 1640 clericorum
853 1577 1086 1656 capitularium..

157 1676 232 1746 Quae
256 1692 331 1734 vero
355 1675 486 1734 seorsim
508 1677 540 1734 et
561 1673 743 1751 singillatim
763 1671 945 1750 consistunt,
969 1690 1008 1733 ea
1021 1689 1083 1732 non

155 1773 228 1830 sunt
243 1769 418 1848 collegiata.
546 1844 551 1852 ‚

194 1870 226 1926 10
242 1865 373 1926 Ratione
385 1883 575 1943 personarum
591 1863 688 1944 quaeis
702 1863 969 1926 conferunturaut
979 1864 1085 1924 Eccle-

155 1960 273 2022 siarum
301 1961 414 2042 quibus
436 1961 614 2037 adhaerent,
644 1959 706 2022 alia
732 1964 804 2022 sunt
826 1959 999 2040 Reguluriu,
1022 1959 1084 2019 alia

154 2061 318 2121 secularia.

445 2260 448 2266 Ι
545 2193 648 2258 onrur
666 2191 697 2242 u.
748 2173 750 2176 ’

210 2310 243 2348 DE
258 2308 343 2349 REBUS
358 2309 499 2348 ORDINATIS
516 2309 551 2351 AD
568 2308 736 2348 CHARITATEM
750 2307 779 2346 IN
796 2307 826 2346 Sl!
843 2304 1029 2347 EXERCENDAM.

194 2431 217 2492 1.
235 2432 377 2493 Alterum
391 2431 551 2492 charitatis
566 2430 741 2492 christianae
757 2429 916 2509 objectum
931 2431 978 2490 est
988 2447 1081 2489 unus·

153 2527 286 2605 quisque
301 2526 370 2588 sibi.
387 2529 468 2606 Ergo
488 2533 655 2608 postquam
675 2527 796 2607 egimus
817 2526 1014 2588 antecedenti
1030 2542 1081 2585 oa-

153 2620 215 2698 pite
242 2621 281 2681 de
310 2622 403 2682 rebus
424 2622 574 2684 ordinatis
596 2623 637 2684 ad
658 2622 840 2683 exercitium
867 2621 1028 2683 charitatis
1048 2622 1081 2680 in

152 2718 261 2793 Deum,
279 2717 330 2777 hic
349 2735 479 2796 agemus
499 2719 645 2780 derebus
665 2718 815 2780 ordinatis
834 2718 875 2780 ad
897 2718 1080 2781 exercitium

147 2810 313 2873 charitatis
326 2813 359 2872 in
373 2811 522 2890 seipsum.

189 2907 343 2969 Jamvero
359 2904 494 2966 charitas
509 2905 540 2965 in
556 2897 758 2985 semetipsum
769 2910 872 2986 potest
882 2903 1074 2966 considerari

150 3001 316 3080 dupliciter
332 3021 339 3062 :

188 3100 218 3157 10
233 3099 268 3156 ln
286 3097 323 3158 iis
342 3113 412 3176 qua
428 3097 544 3158 radunt
564 3096 623 3157 sub
639 3097 748 3159 ordine
771 3096 973 3177 praeceptivo,
990 3096 1075 3158 vide-

147 3189 220 3250 licet
229 3189 422 3251 necessitatis
437 3190 599 3252 adfinem.

186 3288 217 3342 2⁰
231 3287 265 3344 ln
279 3286 316 3345 iis
331 3303 401 3364 quae
417 3292 490 3346 sunt
504 3286 543 3347 de
553 3287 692 3364 oonsilio,
705 3291 736 3350 et
745 3285 932 3348 relationem
947 3287 1077 3347 servant

145 3377 273 3447 maioris
297 3381 532 3458 convenientiae,
555 3382 710 3444 liberioris
731 3388 762 3443 et
783 3382 933 3443 facilioris
952 3383 1010 3442 viae
1034 3379 1074 3440 ad

145 3473 215 3534 finis
230 3475 469 3536 assecutionem.
