2476 4022
134 275 172 332 Ἡ
346 281 571 329 msrmorrouas
593 279 674 325 runis
697 280 851 326 cruorum.

135 432 274 512 proxime
297 427 543 507 suscipiendum,
568 442 661 506 quem
682 425 798 487 idcirco
820 443 884 486 una
904 443 976 486 cum
997 425 1066 486 aliis

135 526 259 605 publice
275 523 435 602 petebant.

176 623 211 682 ln
226 619 311 680 hisee
325 618 425 679 tribus
440 619 494 678 aut
516 619 650 696 quatuor
668 615 818 695 gradibus
838 615 954 677 sensim
973 617 1070 678 doee-

136 717 253 779 bantur
267 713 449 792 evangeliea
463 715 621 790 praecepta
637 715 667 772 et
681 712 754 772 fidei
770 714 884 772 nostrae
903 712 1067 790 mysteria,

138 810 256 872 crebris
267 808 395 889 jejuniis
411 813 442 868 et
455 807 569 884 vigiliis
585 811 616 867 et
627 808 771 885 precibus
782 807 1019 882 exercebantur,
1039 810 1071 868 et

138 923 290 968 manuum
304 901 553 980 impositionibus
574 901 706 980 aliisque
728 903 1006 963 sacramentalibus
1028 901 1069 962 ad

138 998 294 1080 baptisma
309 993 566 1073 disponebantur.
584 997 767 1074 Symbolum
782 1000 887 1058 autem
908 1001 939 1057 et
957 997 1072 1058 altiora

140 1089 289 1169 mysteria
315 1088 353 1149 iis
380 1105 443 1148 non
472 1089 693 1166 pandebantur
715 1089 773 1150 nisi
797 1091 1071 1171 appropinquante

140 1183 338 1263 baptismatis
353 1183 415 1261 die,
436 1191 472 1245 ut
484 1189 663 1246 servaretur
682 1185 795 1246 Arcani
811 1185 976 1266 disciplina,
1001 1203 1071 1266 quae

140 1283 256 1357 tamen,
274 1280 410 1342 extincta
422 1297 547 1360 pagana
560 1281 790 1360 superstitione,
808 1281 959 1361 paulatim
982 1299 1073 1344 exso-

142 1376 226 1436 levit.

183 1470 282 1532 Hodie
302 1469 375 1532 licet
394 1470 523 1532 desierit
542 1471 690 1533 solemnis
711 1472 884 1535 catechesis
903 1475 934 1535 et
954 1471 1075 1554 antiqui

143 1566 261 1648 gradus
276 1566 564 1643 catechumenatus,
577 1566 682 1646 aliqua
699 1567 831 1648 vestigia
847 1569 950 1631 adhuc
965 1587 1076 1647 super-

145 1666 218 1724 sunt
231 1660 325 1742 hujus
340 1660 526 1743 disciplinam
549 1663 642 1725 hodie
658 1663 740 1724 enim
756 1664 850 1726 etiam
864 1662 972 1741 adulti,
989 1665 1074 1724 ante·

145 1749 240 1838 quam
264 1755 306 1816 ad
328 1756 519 1836 baptismum
543 1758 765 1837 admittantur,
791 1759 824 1822 in
845 1759 908 1821 fide
932 1763 963 1836 et
985 1758 1076 1820 bonis

146 1851 293 1935 operibus
311 1851 493 1914 instituendi
515 1857 644 1916 suntne
663 1855 770 1933 rudes,
789 1855 902 1936 ignari,
922 1859 953 1918 et
972 1854 1076 1916 minus

146 1953 231 2012 recte
245 1949 368 2029 probati
383 1949 611 2012 sanctissimam
624 1951 809 2032 religionem
828 1951 1073 2032 amplectentum

147 2043 248 2106 solent
261 2043 356 2104 etiam
369 2043 462 2105 hodie
477 2044 581 2106 vocari
596 2046 824 2127 catechumeni.

525 2134 559 2208 ne
571 2165 701 2222 infantibus.

189 2247 226 2310 V.
252 2247 535 2330 (letechumenatus
558 2247 611 2327 qui
635 2267 692 2327 pro
716 2249 830 2312 adultis
844 2249 1004 2312 institutus
1018 2252 1076 2330 est,

149 2361 212 2405 non
227 2349 369 2407 servatur
384 2363 440 2423 pro
456 2343 626 2406 infantibus
643 2363 740 2425 quum
755 2346 794 2408 ab
809 2345 846 2406 iis
862 2346 1079 2425 dispositiones

150 2441 191 2502 ad
204 2442 397 2520 baptismum
415 2445 575 2521 nequeant
593 2442 767 2523 expectari3
790 2442 858 2503 aliis
875 2461 950 2503 vero
971 2442 1010 2502 de
1029 2460 1081 2504 ca-

150 2537 265 2617 pitibus
290 2537 396 2614 plures
420 2537 608 2616 quaestiones
635 2539 840 2602 instituuntur
863 2539 902 2601 de
925 2539 1080 2618 baptismo

150 2633 327 2694 infantium.

193 2731 224 2789 1⁰
239 2728 420 2791 Dubitatum
434 2732 482 2791 est
496 2748 536 2791 an
550 2730 653 2793 valide
672 2731 823 2812 baptizari
841 2733 970 2811 possent
981 2728 1083 2791 infan-

153 2828 201 2886 tes
222 2823 254 2884 in
275 2824 378 2885 lucem
400 2827 540 2887 nondum
561 2827 656 2891 editil
678 2864 719 2876 ·-
737 2831 813 2891 Tres
834 2845 925 2888 casus
945 2822 1083 2904 contingi

154 2924 294 3003 possunt,
307 2939 346 2982 ex
355 2921 505 3005 Benedict
514 2925 583 2987 XIV
593 2923 627 2986 de
636 2912 757 3006 Synodo
767 2942 815 2986 ca.
827 2927 856 2986 5.
870 2925 902 2984 l⁰
911 2923 969 2985 Vel
982 2921 1083 2982 infans

155 3019 278 3101 penitus
308 3020 446 3081 inclusus
477 3024 524 3082 est
551 3022 583 3082 in
611 3026 700 3083 utero
724 3024 879 3083 materno.
904 3023 935 3082 2⁰
959 3017 1018 3082 Vel
1040 3017 1083 3078 in·

48 3178 52 3188 ,
156 3117 225 3178 lans
245 3117 278 3176 in
299 3117 353 3179 tali
375 3119 457 3177 statu
479 3121 535 3196 est,
561 3124 597 3179 ut
618 3118 691 3180 licet
712 3118 851 3179 nondum
872 3117 905 3177 in
925 3117 1027 3177 lucem
1047 3111 1085 3174 sit

158 3212 271 3289 editus,
283 3217 389 3273 tamen
402 3212 500 3294 tangi,
512 3213 652 3293 tractari,
665 3217 696 3275 et
707 3212 847 3274 adhibito
863 3211 967 3291 aliquo
982 3205 1083 3270 medio

157 3311 237 3390 tingi
255 3311 364 3390 possit.
384 3313 416 3372 3⁰
438 3312 495 3374 Vel
514 3331 576 3374 non
596 3315 643 3375 est
661 3311 795 3390 amplius
811 3308 949 3370 totaliter
963 3304 1085 3366 abditus

158 3410 191 3469 in
212 3410 301 3467 utero
324 3410 476 3485 materno,
501 3409 555 3470 sed
577 3407 715 3489 aliquam
733 3404 782 3466 sui
801 3406 923 3495 partem
942 3419 981 3462 ex
999 3401 1084 3462 utero

141 3585 143 3590 Ι
159 3506 272 3570 emisit.
