2548 4020
403 285 441 342 on
463 283 591 332 oerucro
611 286 693 332 runis
716 285 869 333 carorum.
1041 273 1099 334 259

169 445 263 490 mano
279 428 386 509 generi
401 428 568 508 propitium
583 428 716 490 reddere
731 429 789 504 nisi
806 429 838 488 in
853 415 1003 506 quantum
1014 431 1101 491 velut

168 526 287 587 umbre
303 529 335 588 et
348 525 456 603 figurae
471 525 512 585 ad
526 524 712 586 sacrificinm
735 524 813 585 illud
830 525 953 586 unicum
978 525 1100 588 ordina-

169 623 283 684 bantnr
298 622 383 702 quod
398 621 524 700 dignam
541 623 605 682 Deo
626 621 869 682 satisfactionem
884 621 960 682 dare
983 628 1098 699 posset.

169 719 250 790 Quid
268 721 375 781 autem
390 717 450 778 hoc
474 717 659 779 sacrificium
674 717 785 794 crucis,
800 717 864 799 ¹ubi
879 717 1017 778 Christus
1040 721 1101 779 Dc-

169 816 272 876 minus
286 815 382 876 Filius
397 815 451 876 Dei
467 832 500 876 se
516 815 619 893 ipsum
633 813 745 875 obtulit
759 814 841 874 Patri
857 814 888 874 in
911 813 1101 894 redemptio-

169 929 241 972 nem
256 929 312 988 pro
337 910 493 986 omnibus,
511 915 545 972 ut
567 909 757 972 haberemus
771 909 1018 988 redemptionem
1044 927 1100 988 per

170 1008 354 1088 sanguinem
370 1008 449 1086 ejus,
467 1006 684 1074 remissionem
698 1015 910 1086 peccatorum.

209 1101 305 1162 Porro
321 1119 392 1162 cum
407 1101 475 1161 haec
496 1101 588 1160 unica
603 1100 718 1161 oblatio
733 1104 883 1178 tanquam
898 1099 1026 1162 infinitae
1042 1099 1101 1161 uir-

170 1195 243 1270 tutis
273 1194 371 1256 extitit
394 1192 578 1254 universalis
600 1197 631 1254 et
654 1193 812 1255 meritoria
837 1211 933 1254 causa
952 1193 1102 1272 justifica·

169 1291 262 1353 tionis
277 1290 418 1351 omnium
432 1292 584 1368 quotquot
601 1288 772 1364 salvantur,
789 1289 864 1349 salvi
887 1289 959 1351 iacti
975 1296 1047 1350 sunt
1070 1296 1100 1349 et

170 1387 246 1447 salvi
267 1386 354 1460 fient,
369 1405 432 1447 non
452 1385 562 1464 quaerit
578 1384 717 1446 Ecclesia
741 1385 892 1447 catholica
908 1403 1005 1446 novas
1027 1385 1101 1444 hos·

170 1483 243 1558 tias,
260 1499 357 1542 novas
372 1480 512 1542 victImas
527 1479 641 1559 quibus
655 1482 756 1540 Deum
771 1481 830 1542 sibi
845 1480 1014 1561 propitium
1029 1480 1098 1541 red·

170 1577 234 1649 dat,
258 1578 348 1657 quasi
366 1577 516 1638 nonsatis
537 1576 569 1636 in
590 1575 814 1656 Redemptione
834 1576 945 1640 Christi
965 1577 1101 1639 confidat

170 1679 224 1734 ant
236 1673 363 1733 aliunde
378 1672 437 1732 sibi
451 1672 700 1749 redemptionem
715 1680 872 1752 procuret.

209 1770 277 1830 Non
303 1767 375 1829 ideo
390 1774 495 1829 tamen
519 1775 605 1830 caret
619 1768 729 1831 visibili
754 1776 785 1831 ct
800 1769 982 1850 quotidiano
1006 1771 1100 1832 seori-

170 1864 253 1928 fioio.
268 1865 346 1926 Nam
361 1864 444 1924 idem
454 1864 506 1926 ille
522 1865 604 1924 Dens
614 1870 645 1927 et
658 1865 810 1926 Dominus
819 1873 925 1927 noster
939 1866 992 1944 qui
1002 1867 1101 1928 semel

172 1960 309 2039 seipsum
331 1961 432 2021 inara
455 1960 555 2021 crucis
569 1967 669 2022 morte
693 1960 907 2023 intercedente
930 1964 995 2024 Deo
1018 1962 1100 2024 Patri

170 2057 293 2128 oblatus
309 2060 356 2119 est
380 2063 414 2118 ut
428 2048 576 2116 aeternam
601 2055 663 2116 illic
682 2045 930 2134 redemptionem
953 2075 1100 2137 operere-

173 2155 275 2213 tnr....
302 2152 332 2210 in
349 2168 440 2212 coena
464 2150 630 2212 novissime
653 2168 715 2229 qua
740 2155 832 2211 nocte
853 2150 1033 2213 tradebatur
1055 2153 1102 2213 di-

169 2246 258 2306 lectae
274 2261 396 2324 sponse
408 2261 463 2306 seu
475 2243 621 2306 Ecclesiae
634 2242 752 2304 visibile
765 2249 798 2305 ut
812 2243 975 2304 hominum
990 2250 1101 2305 natura

171 2341 265 2422 exigit
279 2340 427 2418 relinquit
440 2340 626 2400 sacrificium
640 2357 702 2418 quo
728 2339 803 2400 illud
818 2345 981 2402 cruentum
1004 2342 1100 2400 semel

171 2440 202 2498 in
226 2454 318 2498 cruce
337 2442 497 2514 peractum
521 2441 764 2515 representatur,
790 2434 934 2515 illiusque
957 2434 1101 2497 salutaris

172 2535 267 2596 virtus
282 2534 313 2593 in
329 2533 546 2594 remissionem
561 2539 760 2613 peccatorum
775 2533 959 2610 applicatur.

182 2699 185 2705 ,
211 2634 277 2693 Hoc
300 2636 408 2692 autem
430 2628 503 2690 tecit
526 2627 719 2690 institutione
745 2629 946 2691 Eucharistiae
975 2629 1101 2707 quando

172 2726 367 2788 sacerdotem
390 2727 422 2786 in
445 2731 598 2786 aeternum
622 2725 794 2787 secundum
815 2725 957 2787 ordinem
978 2725 1101 2789 Melchi-

172 2823 286 2886 sedech
302 2840 334 2883 se
350 2820 553 2884 constitutum
566 2820 730 2881 declarans
744 2839 856 2901 corpus
872 2830 902 2884 et
917 2823 1101 2900 sanguinem

172 2938 262 2980 suum
277 2918 336 2980 sub
351 2919 515 2999 speciebus
529 2917 618 2998 panis
633 2920 740 2982 etvini
754 2922 819 2980 Deo
843 2920 926 2981 Patri
941 2919 1050 2980 obtulit
1071 2925 1102 2979 et

172 3017 230 3077 sub
246 3015 428 3077 earumdem
451 3033 558 3080 rernm
579 3015 730 3096 symbolis
748 3014 907 3093 apostolis,
930 3032 1008 3092 quos
1027 3017 1102 3076 tunc

171 3110 243 3171 novi
267 3109 444 3171 testamenti
460 3108 638 3170 sacerdotes
662 3107 853 3179 instituebat,
875 3122 1046 3183 eorumque
1069 3105 1100 3164 iu

172 3201 346 3270 sacerdotio
361 3206 592 3267 successoribus
608 3207 642 3265 nt
655 3202 813 3276 offerrent,
830 3202 979 3280 praecepit
993 3218 1049 3280 per
1064 3219 1101 3263 ea

172 3304 267 3365 verba
294 3321 301 3364 :
336 3303 402 3364 Hoc
423 3301 511 3382 focile
538 3301 569 3361 ic
595 3317 688 3360 mecm
716 3298 1026 3359 commertiorotr'ocem.
1057 3301 1101 3360 Ex

172 3398 231 3460 hac
245 3398 436 3461 institutione
450 3398 565 3460 lactum
581 3402 628 3457 est
642 3398 677 3456 ut
691 3393 830 3456 Ecclesia
844 3395 938 3456 etiam
956 3394 1102 3458 habuerit

171 3493 292 3557 visibile
316 3493 524 3560 sacerdotium
554 3497 584 3556 ct
611 3491 815 3570 sacrificium
841 3491 896 3553 sed
924 3493 1101 3556 secerdotes
