2476 4022
377 291 416 336 nn
438 290 564 336 cerauno
585 292 666 336 runis
689 290 842 336 cruorum.
1038 275 1076 334 33

151 437 275 497 ministri
300 441 332 499 et
350 434 494 516 subjecti,
516 436 655 498 materiae
678 439 709 497 et
729 435 849 512 formae,
874 437 1001 498 stritus
1025 453 1075 496 ex·

149 534 224 596 terni
240 535 293 614 qui
307 534 377 594 haec
392 533 498 593 omnia
518 531 757 610 comprehendit
775 550 875 612 eaque
894 534 1073 609 comitatur,
1154 563 1158 570 ·

150 631 187 690 ad
199 632 266 693 haec
282 631 387 709 capita
401 633 587 708 praesentem
602 629 822 692 tractationem
834 629 1030 708 restringam.

517 806 539 848 Ι.
552 806 583 848 lte
596 805 701 848 ministro.

181 921 217 980 ll.
245 921 356 997 Itaque
386 917 562 980 Ordinorius
590 917 834 980 confirmationis
857 916 999 980 minister
1026 921 1074 980 est

144 1017 330 1096 Episcopum
360 1015 496 1076 voluisse
524 1014 608 1076 enim
631 1014 756 1075 videtur
778 1015 918 1076 Christus
942 1017 977 1076 ut
999 1013 1071 1076 vitae

142 1109 312 1190 spiritualis
335 1108 486 1187 perfectio
515 1114 546 1169 et
573 1108 800 1170 consummatio
823 1125 886 1170 nou
910 1126 969 1187 ope
992 1108 1072 1170 infe-

141 1204 259 1265 riorum
273 1201 484 1278 secerdotum,
502 1197 559 1262 sed
573 1219 631 1280 ope
645 1201 771 1263 illorum
783 1202 836 1282 qui
847 1201 1072 1280 perfectionem

141 1303 171 1357 et
184 1297 453 1374 complementum
467 1295 585 1356 hebent
599 1295 778 1371 sacerdotii,
795 1295 971 1358 efficeretur
992 1317 999 1358 ;
1025 1297 1069 1371 nt,

141 1393 165 1453 si
183 1391 347 1454 inferiores
370 1390 502 1453 ministri
521 1396 649 1470 possent
667 1391 789 1470 prolem
810 1409 938 1471 augere,
963 1395 994 1452 et
1014 1409 1073 1450 nu-

140 1507 264 1551 merum
279 1489 395 1550 civium
410 1487 503 1568 hujus
517 1488 658 1566 mysticae
674 1487 809 1549 civitatis
827 1487 1029 1568 baptizando,
1049 1486 1071 1546 ii

140 1585 194 1645 soli
210 1582 266 1662 qui
280 1581 322 1642 ad
337 1599 451 1641 munus
470 1580 604 1658 pastoris
623 1582 654 1642 et
673 1580 804 1641 rectoris
822 1579 916 1660 hujus
935 1579 1070 1642 civitatis

140 1683 243 1741 essent
271 1677 439 1756 assumpti,
469 1680 598 1756 possent
631 1676 671 1736 ad
706 1675 900 1754 spiritualem
927 1677 1071 1738 militiam

139 1774 331 1850 adscribere,
349 1772 432 1833 cives
447 1772 673 1834 confirmando.

176 1872 218 1930 At
230 1887 308 1930 vero
320 1866 509 1948 jamdudum
523 1867 665 1928 videmus
680 1887 699 1929 e
714 1867 864 1947 Gregorio
878 1870 890 1929 l
906 1868 1069 1928 subfinem

138 1964 242 2026 saeculi
267 1981 320 2039 vr,
346 1981 467 2024 morem
491 1964 659 2044 quemdam
683 1965 893 2044 approbatum
916 1963 1011 2025 fnisse
1036 1969 1090 2025 nt·

137 2059 315 2140 presbyteri
335 2059 513 2136 Galaritani,
538 2060 590 2120 ubi
606 2060 742 2139 episcopi
758 2061 914 2136 deessent,
940 2065 1070 2138 possent

136 2154 312 2233 baptizatos
333 2155 530 2233 confirmare.
551 2154 857 2234 ldemprivilegium
876 2156 960 2234 quod
980 2174 1068 2234 pres-

135 2250 255 2328 byteris
269 2248 454 2311 Galaritanis
469 2251 636 2328 Gregorius
655 2252 788 2328 Magnus
807 2249 978 2326 noncessit,
1000 2251 1068 2312 aliis

136 2347 230 2410 ctiam
250 2346 464 2425 praesbyteris,
490 2345 541 2407 alii
567 2347 729 2424 pontifices
754 2343 879 2406 Maximi
905 2362 1069 2406 concesse-

135 2451 220 2522 ruut,
236 2443 385 2504 continuo
400 2461 473 2504 vero
488 2444 521 2503 iu
535 2443 612 2504 locis
627 2442 802 2522 presertim
817 2441 1001 2503 missionum
1022 2441 1069 2501 in-

135 2539 276 2618 dulgent.
292 2537 423 2599 Accedit
437 2538 521 2618 quod
536 2538 632 2617 graeci
646 2538 844 2617 presbyteri,
861 2540 956 2618 prout
970 2537 1063 2618 longe

135 2639 206 2697 ante
235 2633 423 2694 Photiannm
448 2634 584 2695 schisma
606 2637 769 2713 receptum
793 2638 859 2709 est,
886 2633 1068 2716 quodlicet

135 2729 301 2792 ordinariis
330 2728 424 2808 hujus
444 2730 633 2791 sacramenti
652 2729 795 2790 minister
815 2747 895 2790 nnus
916 2730 957 2790 sit
987 2730 1067 2810 epis-

135 2841 250 2902 copus,
267 2821 523 2883 extraordinarius
537 2840 604 2882 esse
619 2822 717 2900 possit
730 2822 896 2901 presbyter
910 2841 982 2884 cum
995 2841 1068 2902 spe-

134 2919 204 2979 ciali
238 2917 441 2996 deputatione
476 2918 591 2978 summi
625 2917 803 2994 Pontificis,
838 2936 908 2998 quae
937 2919 1066 2998 quidem

135 3012 389 3075 extraordinerio·
397 3013 514 3074 Latinis
529 3013 730 3092 praesbyteris
741 3012 935 3089 conceditur,
950 3014 1065 3074 Graecis

133 3112 239 3170 antem
267 3107 364 3168 veluti
387 3107 546 3168 ordinario
570 3125 720 3168 concesse
742 3107 943 3186 praesumitur
966 3126 1004 3168 ex
1027 3125 1064 3168 eo

133 3204 198 3282 ipso
214 3203 300 3282 quod
317 3206 348 3264 et
366 3203 497 3264 Romani
517 3205 682 3264 Pontifices
701 3221 864 3281 nunqnam
884 3204 1064 3268 Graecorum

133 3301 352 3364 consuetudini
366 3304 555 3379 restiterunt,
572 3319 706 3383 eamque
721 3300 896 3380 approbare
911 3303 1014 3364 visum
1024 3304 1065 3364 sit

134 3398 300 3459 concilium
328 3396 563 3474 Florentinum,
593 3404 629 3458 ut
651 3397 712 3458 late
737 3397 775 3457 de
797 3396 858 3458 hac
880 3415 913 3458 re
938 3400 1063 3460 disserit

134 3489 322 3554 Benedictus
336 3492 416 3568 XlV,
432 3492 486 3553 lib.
503 3492 569 3568 vll,
586 3507 613 3552 c.
630 3493 649 3552 9
670 3489 710 3550 de
731 3488 851 3568 synodo
869 3491 1059 3552 dioecesana.
