2476 4022
186 287 224 348 '18
394 296 620 343 rrsrrrarrouas
641 295 723 343 ruars
745 295 898 344 aaronica

186 443 218 502 in
228 440 350 520 porticu
360 438 517 514 exteriori,
531 435 630 499 cilicio
643 435 756 514 induti,
773 440 804 499 et
820 437 924 500 cinere
940 442 1114 519 conspersi,

185 534 225 594 ad
252 533 497 612 ingredientium
523 548 629 611 genua
650 530 913 609 advolvebantur,
942 550 1116 614 eorumque

184 647 294 709 preces
307 628 455 706 lacrymis
469 627 681 706 exspetebant.

224 724 393 786 Audientes
408 724 498 802 quasi
507 739 623 783 novum
633 721 924 786 catechumenatum
931 723 1010 792 inire
1020 740 1117 804 coge-

184 817 299 879 bantur
319 816 405 894 (narn
426 815 521 876 etiam
539 815 623 874 inter
644 813 885 876 catechumenos
904 813 1022 892 gradus
1044 819 1115 876 erat

185 909 407 989 audientium);
429 908 662 971 catechumenis
679 909 825 987 permixti
842 909 875 983 in
894 909 1047 972 vestibulo
1062 911 1115 972 vel

183 1006 267 1066 intra
285 1005 375 1081 septa
392 1001 538 1062 Ecclesiae
557 1000 693 1077 stabant,
716 1002 749 1062 ut
769 999 914 1063 audirent
932 1002 1112 1080 lectionem,

184 1099 376 1174 munionem,
388 1096 678 1176 interpretationem
692 1097 927 1174 scripturarum,
939 1098 1112 1176 quafinita,

184 1193 365 1254 solemniter
391 1191 637 1254 dimittebantur.
662 1191 787 1271 Indigui
808 1193 1036 1271 reputabantur
1057 1194 1114 1272 qui

184 1305 256 1347 aum
276 1286 401 1348 coeteris
418 1284 563 1346 fidelibus
578 1288 715 1362 orarent,
732 1284 819 1364 digni
836 1289 958 1348 tantum
971 1285 1026 1364 qui
1039 1301 1113 1346 oum

183 1383 416 1446 machaeronta
430 1381 469 1442 de
482 1381 592 1460 primis
602 1379 751 1474 doetrinae
760 1380 939 1442 christianae
949 1380 1112 1442 elementis

183 1480 400 1550 erudirentur,
429 1493 499 1557 quae
521 1476 715 1538 dedidicesse
734 1475 894 1556 peccando
916 1480 1113 1538 monstrave-

183 1578 263 1636 rant.

223 1667 378 1732 Substrati
396 1667 523 1746 proprio
542 1671 573 1730 et
589 1667 696 1731 striato
715 1685 809 1730 sensu
828 1668 1023 1731 vocabantur
1040 1687 1111 1748 pce-

181 1767 316 1828 nitentes
339 1766 395 1846 (ita
416 1765 523 1828 stricto
551 1783 644 1826 sensu
672 1766 865 1828 vocabantur
891 1767 1110 1827 catechumeni

180 1862 409 1942 penufleeteatee,
426 1879 562 1943 quorum
579 1863 697 1942 gradus
716 1863 820 1942 aliquo
839 1862 933 1925 modo
952 1862 1025 1922 huic
1041 1881 1111 1941 poa·

181 1959 346 2021 nitentium
354 1957 467 2038 gradui
480 1959 709 2036 respondebat,
721 1958 762 2019 ad
775 1974 885 2036 preces
900 1957 983 2022 enim
997 1957 1110 2020 admit-

180 2053 337 2133 tebantur,
361 2059 393 2118 et
413 2055 569 2135 genuflexi
593 2054 789 2133 accipiebant
811 2071 962 2114 manuum
983 2053 1110 2132 imposi-

180 2148 291 2224 tiones,
312 2166 369 2228 pro
388 2148 426 2210 iis
444 2148 604 2225 orabatur,
620 2147 705 2227 etc).
728 2149 807 2210 Nam
826 2147 937 2210 flentes
954 2148 1109 2227 poenitan-

179 2244 254 2306 tiam
282 2245 508 2326 efflagitabant.
537 2243 710 2307 Audientes
739 2243 780 2306 ad
807 2244 1024 2324 poenitentiam
1051 2261 1109 2322 per
1234 2253 1235 2260 ’

179 2340 322 2403 auditum
331 2341 404 2402 fidei
419 2341 621 2420 parabantur.
636 2339 790 2402 substrati
804 2338 1021 2418 poenitentiam
1035 2329 1108 2418 ege-

178 2435 266 2496 bant.
283 2436 321 2497 Hi
339 2435 422 2498 intra
442 2437 589 2500 Ecclesia
607 2442 707 2515 septa,
723 2435 779 2497 sed
797 2433 829 2496 in
845 2435 914 2497 loco
929 2453 948 2496 a
961 2434 1108 2496 fidelibus
1200 2479 1205 2488 .

179 2529 331 2608 sejuncto,
356 2530 389 2591 id
414 2535 477 2608 ast,
503 2550 565 2594 non
589 2532 671 2594 ultra
693 2531 860 2594 ambonem
882 2530 1105 2604 morabantur3

179 2623 289 2685 diebus
303 2625 429 2703 synaxis
443 2630 475 2687 at
486 2625 598 2706 jejunii
613 2645 721 2690 coram
735 2627 880 2690 universo
889 2627 1006 2706 populo
1016 2626 1050 2686 in
1059 2625 1108 2686 fo-

179 2718 258 2779 oiem
271 2737 304 2780 se
318 2721 569 2799 prosternebant,
581 2728 613 2782 et
627 2721 794 2802 episcopus
804 2741 948 2785 unacum
962 2721 1106 2784 sacerdo·

177 2815 260 2876 tibus
280 2833 393 2878 manus
413 2817 457 2877 eis
478 2817 671 2896 imponebat,
688 2822 720 2880 et
739 2825 841 2880 cemos
861 2818 1016 2881 recitabat
1035 2835 1106 2878 ora·

177 2910 278 2973 tiones
297 2929 468 2993 precesque
489 2913 685 2993 expiatrices,
702 2913 815 2994 quibus
832 2913 948 2976 auditis
966 2913 1105 2976 dimitte·

85 2997 88 3003 ’
177 3007 303 3070 bantur.

215 3108 251 3167 In
274 3107 334 3168 hac
353 3105 455 3186 gradu
477 3106 593 3168 diutius
612 3107 803 3169 versandum
823 3110 901 3185 erat,
922 3110 954 3169 et
973 3112 1105 3185 peccata

176 3202 357 3277 permultos
366 3203 490 3266 laboras
501 3206 532 3264 et
540 3203 628 3265 varia
638 3198 802 3282 poenarum
812 3222 930 3283 genera
940 3203 1100 3280 diluenda,

177 3310 247 3373 quae
268 3313 304 3354 ex
328 3295 464 3374 episcopi
485 3295 645 3359 voluntate
666 3302 697 3357 et
718 3303 874 3361 canonum
894 3296 1028 3371 statutis,
1043 3311 1102 3374 pro

59 3459 62 3463 ,
176 3388 325 3468 qualitate
340 3391 505 3454 criminum
518 3397 550 3456 et
569 3411 626 3471 pro
647 3393 736 3455 vario
756 3393 976 3473 poenitentium
996 3391 1101 3457 studio

71 3559 73 3563 Ι
176 3485 471 3564 praescribebantur.
