2504 4024
359 265 823 314 mmmmmmmmmn
1002 259 1059 318 wo

141 409 306 471 suasionis:
323 409 391 470 Non
405 427 500 469 omnes
514 406 634 487 rapiunt
652 408 769 472 aeriam
784 409 873 487 istud,
889 412 939 473 sed
956 413 1059 493 quibus

139 506 232 567 datam
247 513 297 568 est.
315 505 394 566 Sant
407 505 482 566 enim
496 505 620 566 eunachi
632 506 684 584 qai
693 505 729 566 de
738 507 842 566 matris
856 515 939 567 atero
949 509 990 570 sie
999 509 1063 570 nati

138 609 216 676 runt;
236 609 263 661 et
281 608 349 660 sant
374 598 499 661 eunuchi
518 599 571 680 qai
589 598 664 678 faeti
689 607 758 660 snat
778 601 815 661 ab
836 600 1015 679 nominabam·
1034 615 1063 667 et

33 753 34 758 ,
138 705 200 755 sant
222 695 346 756 eunachi
366 694 420 775 qai
440 695 546 774 seipsos
564 700 769 755 castraverunt
793 704 915 776 propter
938 717 1060 777 reanum

33 809 34 816 ¹
137 791 279 852 eceteram.
297 789 353 864 Qui
364 797 456 870 potest
469 806 577 866 rapere
590 787 704 866 aoepiat.
781 781 785 792 “

174 889 292 948 Durum
319 903 429 946 revera
456 886 538 944 esset
564 881 696 944 verbum
724 882 799 960 hoe,
823 888 854 947 et
876 886 1061 948 executione

137 981 323 1062 impossibile
346 981 441 1040 meris
462 981 582 1040 naturae
604 978 733 1056 viribus,
751 981 777 1041 si
792 980 832 1040 ad
848 985 969 1043 motum
989 1001 1060 1044 eon-

139 1077 333 1158 cupiscentiae
347 1094 398 1136 res
412 1077 494 1135 esset
509 1074 721 1147 observanda;
739 1093 801 1136 non
816 1077 860 1138 sio
870 1081 976 1140 autem
990 1078 1061 1140 viri·

33 1175 34 1180 ’
137 1175 192 1234 bus
219 1172 329 1252 gratiae
357 1189 427 1250 quae
451 1187 471 1232 a
492 1172 556 1237 Deo
590 1171 840 1248 suppeditantur.
867 1172 906 1232 ut
933 1190 1008 1232 sane
1036 1175 1063 1234 si

33 1287 35 1334 ῑ
138 1271 249 1332 durum
273 1274 321 1329 est
343 1266 463 1328 homini
489 1283 553 1338 una
579 1269 705 1328 tantum
730 1285 828 1327 uxore
851 1269 911 1344 nti,
928 1271 960 1330 et
979 1268 1063 1329 illius

138 1362 229 1422 etiam
251 1378 310 1420 usu
332 1357 465 1437 privari,
490 1359 517 1418 si
540 1375 609 1418 eam
633 1358 800 1435 dimiserit,
825 1361 1063 1439 quantomagis

138 1455 220 1518 nulla
234 1472 331 1516 uxore
341 1455 396 1530 uti,
410 1456 441 1515 et
451 1453 521 1515 usui
531 1453 689 1533 conjugali
698 1459 850 1531 perpetuo
865 1454 1063 1515 renuntiare?

33 1609 34 1620 ,
138 1553 281 1612 Attamen
305 1549 423 1612 viribus
443 1549 552 1629 gratiae
572 1549 667 1610 etiem
685 1549 745 1610 hoo
760 1550 928 1625 obtinetur,
946 1554 1062 1631 quanto

33 1631 35 1700 t
137 1646 234 1724 magis
246 1643 347 1705 illud?

33 1751 34 1756 ’
175 1740 349 1802 Sublimate
371 1738 467 1818 igitur
488 1739 574 1818 lege,
592 1739 786 1801 sublevanda
809 1745 877 1804 erat
898 1745 1011 1804 natura
1031 1748 1065 1804 ut

137 1839 215 1899 illius
229 1837 443 1908 ‚observanda
465 1854 563 1914 capax
577 1838 677 1898 tieret.
699 1841 740 1900 Ut
754 1842 859 1900 autem
873 1840 933 1900 hoa
947 1840 1066 1902 taceret

33 2013 34 2016 Ἴ
138 1934 295 1997 Christus:
313 1936 343 1993 t⁰
356 1932 498 1994 Etevevit
518 1933 753 1994 matrimonium
772 1935 813 1994 ed
836 1935 1005 2013 mysticam
1026 1935 1064 1995 si-

138 2029 369 2106 gnificationem
394 2027 532 2107 eonjugii
554 2028 724 2106 spiritualis
746 2030 796 2089 sui
818 2047 892 2122 oum¹
912 2030 1061 2107 Eonlesia,

138 2129 170 2184 ut
186 2125 231 2185 ita
245 2143 265 2184 a
279 2123 399 2184 carnali
418 2122 564 2202 conjugio
584 2123 728 2185 homines
749 2124 1017 2202 abstraherentur,
1034 2129 1065 2186 et

33 2227 34 2236 ’
137 2219 238 2297 potius
252 2219 449 2296 spiritualem
467 2219 728 2298 significationem
749 2218 949 2279 attenderent
969 2238 1063 2298 quam

139 2315 401 2377 oblectamentum
416 2315 552 2376 carnale.

180 2411 253 2486 Viri,
274 2409 388 2490 diii‘qite
402 2411 509 2491 (Paul.
527 2410 568 2473 ad
586 2411 680 2488 Eph„
701 2410 737 2489 v)
753 2427 857 2471 uxores
869 2417 979 2470 vestros
992 2407 1066 2469 siant

138 2505 270 2570 constas
283 2506 448 2568 Ecclesiam
461 2515 490 2567 et
501 2507 625 2586 seipsam
641 2504 765 2566 tradidit
777 2523 833 2584 pro
847 2524 917 2568 ea...
939 2505 1003 2568 Viri
1013 2505 1063 2566 de-

138 2603 200 2664 bent
222 2603 346 2684 diliqere
368 2621 472 2664 amares
489 2621 557 2663 saar
576 2602 650 2663 sicat
670 2620 793 2683 corpora
813 2621 916 2680 aaa...
943 2604 1018 2664 sieut
1037 2612 1065 2665 et

139 2697 271 2760 Carinus
289 2697 472 2775 Ecclesiam,
488 2698 558 2777 qaia
580 2697 709 2758 membra
727 2717 823 2760 samus
842 2699 969 2778 carparis
988 2699 1063 2779 ejas,

138 2803 163 2854 et
175 2793 211 2854 de
224 2813 312 2856 earne
329 2794 393 2874 aas
407 2793 482 2854 etde
495 2791 602 2854 assibus
620 2792 693 2871 ejus.
710 2792 840 2874 Propter
858 2793 909 2854 tor
922 2794 1066 2874 relinquet

138 2890 219 2950 tama
239 2899 354 2971 patrem
376 2897 403 2951 et
422 2897 545 2950 matrem
568 2907 652 2948 raam
671 2898 699 2951 et
711 2889 871 2952 adhaerebit
893 2889 983 2950 anari
1001 2909 1062 2967 suo,

137 2991 163 3044 et
174 2983 325 3044 erantdao
339 2984 370 3043 in
379 3001 465 3043 earne
476 3000 545 3042 ana.
561 2981 785 3043 Sacramentum
800 2981 852 3042 toa
864 2998 1001 3059 mannam
1011 2989 1062 3054 est,

138 3097 186 3160 eqo
199 3087 296 3140 autem
310 3079 372 3140 dieo
386 3078 416 3138 tn
433 3077 549 3140 Christo
563 3086 592 3139 et
605 3078 636 3138 in
650 3078 796 3140 Ecclesia.
819 3075 1019 3138 Verumtamen
1038 3084 1067 3137 et

109 3227 111 3232 .
138 3194 186 3235 aas
198 3174 317 3256 sinqali,
335 3175 529 3254 unnsquisque
542 3193 661 3236 ararem
676 3192 759 3234 raam
772 3171 847 3231 sicat
860 3171 984 3250 seipsam
998 3170 1065 3232 dili-

33 3319 36 3346 ,
137 3279 208 3348 aaa·
228 3290 306 3331 amar
327 3279 423 3332 autem
445 3271 546 3332 timeat
571 3274 667 3331 airam
689 3287 783 3328 raam.
808 3301 849 3314 -
866 3268 948 3347 Ergo
968 3267 1066 3330 voluit
1148 3289 1150 3293 ⁴

33 3357 34 3388 ³
139 3366 277 3429 Christus
304 3369 340 3428 ut
366 3365 601 3428 matrimonium
629 3367 712 3426 esset
737 3364 863 3440 signum
897 3363 1065 3443 spiritualis

139 3458 376 3538 conjunctionis.
