2530 4016
404 281 442 326 un
463 246 590 327 cessero
611 281 693 326 rums
714 281 869 328 cenorum.
1041 272 1098 330 337

210 425 264 487 llis
278 425 368 486 malie
382 422 558 486 remedium
571 424 683 484 afferre
694 425 726 484 et
735 422 803 484 aliis
817 413 999 504 hujusmodi
1009 426 1099 488 malis
1115 410 1119 418 ’

170 527 361 586 curaverunt
374 521 463 582 varia
474 519 617 595 concilia,
629 518 730 581 donec
740 521 856 581 Paulus
865 520 904 597 ll,
917 522 1032 584 sacculo
1043 539 1097 600 xv,

170 625 330 697 extravag.
343 613 521 693 Ambitione,
535 614 679 700 debonis
693 615 868 677 alienandis
877 616 927 678 vel
938 633 1012 694 non,
1025 635 1101 678 oon·
1133 627 1135 632 '

170 716 292 776 firmato
311 713 363 774 vel
386 711 535 791 ampliato
558 711 656 773 veteri
677 711 749 793 jure
773 711 856 774 eirca
878 711 1100 774 alienationem

168 812 324 872 bonorum
346 809 639 885 ecclesiasticorum,
667 807 829 871 interdixit
857 825 896 869 ne
919 809 1098 887 importune

168 908 253 969 bona
278 905 426 969 Ecclesia
455 904 669 967 alienarentur
695 904 762 965 sine
789 903 986 983 beneplacito
1015 905 1100 966 sedis

169 1000 368 1080 Apostolioae.
392 998 471 1080 Huic
494 998 666 1060 conditioni
688 999 750 1059 alia
770 997 865 1059 variis
886 998 919 1059 in
934 997 1012 1060 locis
1030 1015 1100 1058 suc-

170 1097 262 1159 cessit
276 1096 382 1176 placiti
399 1095 491 1175 regii,
510 1095 569 1156 suh
589 1098 743 1173 praetextu
763 1093 937 1157 advocatiae
960 1094 1010 1155 vel
1031 1110 1099 1154 ons-

168 1194 262 1258 todiee
277 1191 437 1269 Ecclesiae,
453 1209 523 1270 quae
538 1191 564 1252 si
578 1193 682 1269 potest
696 1190 819 1252 admitti
833 1190 893 1251 hac
913 1191 946 1250 in
967 1209 1013 1266 re,
1036 1207 1099 1250 non

169 1289 300 1351 certain
315 1306 412 1350 eausa
425 1287 592 1364 contraria,
608 1285 756 1347 videlicet
770 1284 983 1365 acquisitionis
1002 1286 1100 1346 hono-

168 1382 239 1448 rum
262 1383 546 1446 ceclesiasticorum
569 1382 609 1444 ob
631 1381 737 1460 legem
758 1379 1014 1443 amortizationis.
1036 1380 1099 1442 Sed

170 1481 208 1542 dc
222 1481 271 1541 his
285 1481 317 1541 in
332 1497 388 1550 suo
403 1479 473 1541 loco
489 1497 544 1540 seu
558 1478 591 1538 iu
605 1482 689 1538 statu
704 1467 1004 1539 externo'iloclesiae.

207 1574 350 1637 Breviter
378 1572 615 1654 explanabimus
639 1571 731 1651 juxta
758 1570 921 1632 Paulinam
949 1569 1100 1632 eonstitu-

168 1673 286 1734 tionem
299 1669 494 1732 Ambitiosa:
571 1689 573 1694 ·

209 1772 240 1830 l⁰
255 1768 330 1840 Quae
343 1767 429 1829 bona
441 1765 669 1846 prohibeantur
683 1763 824 1837 alienari,
841 1764 958 1843 etquid
973 1763 1099 1826 nomine

168 1863 379 1938 alienationis,

207 1965 238 2022 2⁰
254 1961 329 2032 Qnae
345 1945 448 2020 causae
463 1956 584 2038 possint
598 1957 804 2018 cohonestare
819 1955 1057 2032 alienationem

206 2059 238 2120 3⁰
254 2055 388 2128 Quinam
401 2055 464 2116 sint
478 2055 607 2118 effectus
621 2053 820 2118 alienationis
834 2071 897 2115 non
916 2053 975 2116 rite
993 2052 1095 2116 laetae.

438 2230 485 2282 91.
500 2243 527 2276 nr
542 2241 609 2276 some
623 2241 669 2274 son
685 2239 831 2274 narramus.

204 2340 257 2401 Ill.
280 2341 348 2401 Non
372 2337 478 2400 omnia
500 2339 584 2400 bena
603 2337 790 2417 temporalia
809 2337 955 2402 Ecclesia
975 2339 1040 2402 sive
1061 2356 1099 2400 ea

166 2431 311 2512 Episcopi
326 2430 574 2511 clericorumque
589 2431 817 2509 sustentationi,
834 2433 899 2494 sive
921 2431 1037 2496 aedium
1051 2450 1098 2493 sa-

166 2545 290 2589 crarum
305 2528 546 2605 conservationi,
564 2528 630 2590 eive
645 2527 853 2607 monasterie,
866 2529 931 2592 sive
945 2529 1015 2589 aliie
1028 2526 1099 2589 reli-

165 2623 261 2704 giosis
281 2622 381 2701 piisve
403 2623 480 2685 locis
501 2623 690 2700 inserviant,
712 2625 830 2686 cadunt
852 2625 911 2686 sub
932 2624 1097 2687 interdicto

166 2718 205 2779 de
229 2717 320 2780 bonis
340 2718 566 2796 temporalibus
585 2719 733 2780 Ecclesia
753 2738 816 2782 non
836 2720 1021 2798 alienandis,
1042 2719 1098 2782 sed

165 2815 267 2876 solum
282 2832 339 2893 pro
351 2813 423 2895 jure
438 2832 500 2894 quo
516 2814 645 2892 utimur,
662 2816 720 2878 sub
735 2817 795 2878 hoc
805 2815 971 2879 interdicto
982 2817 1100 2877 cedunt

166 2925 215 2968 res
237 2908 415 2969 immobiles
439 2908 490 2970 vel
510 2909 640 2972 mobiles
661 2910 820 2989 pretiosae,
847 2925 917 2988 quae
942 2909 1097 2970 servando

165 3003 284 3064 servari
299 3021 362 3064 non
375 3010 518 3082 possunt.

205 3102 266 3160 Res
292 3099 469 3176 immobiles
497 3100 566 3162 aliea
596 3103 669 3162 sunt
692 3100 818 3180 proprie
843 3097 946 3178 dictae,
972 3118 1021 3162 ex.
1047 3120 1095 3181 gr.

163 3194 298 3276 praedia;
325 3197 395 3256 aliae
413 3196 584 3276 improprie
607 3196 697 3258 dictae
720 3215 790 3277 quae
810 3196 930 3276 injure
949 3196 1031 3259 civili
1053 3198 1097 3259 di-

165 3293 279 3354 cuntur
292 3290 515 3374 incorporales
532 3291 562 3352 id
582 3297 630 3353 est
639 3291 713 3372 jura
728 3293 844 3370 omnia,
861 3311 910 3354 cx.
923 3312 985 3373 gn,
1002 3294 1097 3357 servi-

162 3390 257 3461 tuteS,
273 3405 398 3466 censue,
417 3388 624 3469 obligationes
639 3389 842 3472 actionesque
857 3391 898 3450 ad
912 3391 1094 3453 immobilia.

164 3482 378 3546 Immobilibus
393 3485 518 3564 proprie
533 3484 624 3547 dictis
640 3491 846 3547 accensentur
860 3504 910 3548 res
920 3487 986 3549 solo
997 3487 1098 3547 coha-
