<?xml version="1.0" encoding="UTF-8"?>
<!DOCTYPE html PUBLIC "-//W3C//DTD XHTML 1.0 Transitional//EN"
    "http://www.w3.org/TR/xhtml1/DTD/xhtml1-transitional.dtd">
<html xmlns="http://www.w3.org/1999/xhtml" xml:lang="en" lang="en">
 <head>
  <title>
</title>
<meta http-equiv="Content-Type" content="text/html;charset=utf-8" />
  <meta name='ocr-system' content='tesseract 3.04.00' />
  <meta name='ocr-capabilities' content='ocr_page ocr_carea ocr_par ocr_line ocrx_word'/>
</head>
<body>
  <div class='ocr_page' id='page_1' title='image "./institutionesju00marigoog_0111.png"; bbox 0 0 2504 4024; ppageno 0'>
   <div class='ocr_carea' id='block_1_1' title="bbox 184 273 896 337">
    <p class='ocr_par' dir='ltr' id='par_1_1' title="bbox 184 273 896 337">
     <span class='ocr_line' id='line_1_1' title="bbox 184 273 896 337; baseline -0.01 -6"><span class='ocrx_word' id='word_1_1' title='bbox 184 273 240 331; x_wconf 75' lang='lat' dir='ltr'><strong>Iol</strong></span> <span class='ocrx_word' id='word_1_2' title='bbox 357 307 360 312; x_wconf 92' lang='lat'><em>-</em></span> <span class='ocrx_word' id='word_1_3' title='bbox 388 280 617 337; x_wconf 85' lang='lat' dir='ltr'><strong>rnsrrrorrcnss</strong></span> <span class='ocrx_word' id='word_1_4' title='bbox 638 281 720 328; x_wconf 86' lang='lat' dir='ltr'><strong>rurus</strong></span> <span class='ocrx_word' id='word_1_5' title='bbox 742 278 896 326; x_wconf 76' lang='lat' dir='ltr'><strong>canorum.</strong></span> 
     </span>
    </p>
   </div>
   <div class='ocr_carea' id='block_1_2' title="bbox 182 421 1114 1924">
    <p class='ocr_par' dir='ltr' id='par_1_2' title="bbox 183 421 1113 582">
     <span class='ocr_line' id='line_1_2' title="bbox 183 421 1113 507; baseline -0.002 -19"><span class='ocrx_word' id='word_1_6' title='bbox 183 427 285 507; x_wconf 89' lang='lat' dir='ltr'><strong>potest</strong></span> <span class='ocrx_word' id='word_1_7' title='bbox 297 422 436 486; x_wconf 87' lang='lat' dir='ltr'><strong>ordinari</strong></span> <span class='ocrx_word' id='word_1_8' title='bbox 450 423 510 485; x_wconf 90' lang='lat' dir='ltr'><strong>uisi</strong></span> <span class='ocrx_word' id='word_1_9' title='bbox 524 442 543 484; x_wconf 90' lang='lat' dir='ltr'><strong>a</strong></span> <span class='ocrx_word' id='word_1_10' title='bbox 556 441 612 486; x_wconf 89' lang='lat' dir='ltr'><strong>suu</strong></span> <span class='ocrx_word' id='word_1_11' title='bbox 633 422 778 502; x_wconf 89' lang='lat' dir='ltr'><strong>episcopo</strong></span> <span class='ocrx_word' id='word_1_12' title='bbox 800 443 806 483; x_wconf 93' lang='lat'><strong>:</strong></span> <span class='ocrx_word' id='word_1_13' title='bbox 830 421 947 484; x_wconf 87' lang='lat' dir='ltr'><strong>alienos</strong></span> <span class='ocrx_word' id='word_1_14' title='bbox 968 424 1113 486; x_wconf 88' lang='lat' dir='ltr'><strong>subditos</strong></span> 
     </span>
     <span class='ocr_line' id='line_1_3' title="bbox 184 520 544 582; baseline -0.006 0"><span class='ocrx_word' id='word_1_15' title='bbox 184 522 328 582; x_wconf 86' lang='lat' dir='ltr'><strong>ordinare</strong></span> <span class='ocrx_word' id='word_1_16' title='bbox 343 520 475 582; x_wconf 88' lang='lat' dir='ltr'><strong>vatilum</strong></span> <span class='ocrx_word' id='word_1_17' title='bbox 487 522 544 581; x_wconf 90' lang='lat' dir='ltr'><strong>est.</strong></span> 
     </span>
    </p>

    <p class='ocr_par' dir='ltr' id='par_1_3' title="bbox 182 613 1114 1360">
     <span class='ocr_line' id='line_1_4' title="bbox 221 613 1113 694; baseline -0.002 -16"><span class='ocrx_word' id='word_1_18' title='bbox 221 619 302 681; x_wconf 90' lang='lat' dir='ltr'><strong>Ante</strong></span> <span class='ocrx_word' id='word_1_19' title='bbox 316 615 417 677; x_wconf 79' lang='lat' dir='ltr'><strong>Bonif.</strong></span> <span class='ocrx_word' id='word_1_20' title='bbox 435 617 514 679; x_wconf 86' lang='lat' dir='ltr'><strong>VIII.</strong></span> <span class='ocrx_word' id='word_1_21' title='bbox 532 632 601 694; x_wconf 90' lang='lat' dir='ltr'><strong>cap.</strong></span> <span class='ocrx_word' id='word_1_22' title='bbox 618 629 666 676; x_wconf 90' lang='lat'><strong>111.</strong></span> <span class='ocrx_word' id='word_1_23' title='bbox 684 613 723 675; x_wconf 91' lang='lat' dir='ltr'><strong>dc</strong></span> <span class='ocrx_word' id='word_1_24' title='bbox 742 616 884 692; x_wconf 87' lang='lat' dir='ltr'><strong>tempure</strong></span> <span class='ocrx_word' id='word_1_25' title='bbox 905 613 1113 676; x_wconf 79' lang='lat' dir='ltr'><strong>ordinationis</strong></span> 
     </span>
     <span class='ocr_line' id='line_1_5' title="bbox 183 709 1114 792; baseline -0.004 -18"><span class='ocrx_word' id='word_1_26' title='bbox 183 715 214 774; x_wconf 92' lang='lat' dir='ltr'><strong>in</strong></span> <span class='ocrx_word' id='word_1_27' title='bbox 229 717 259 789; x_wconf 86' lang='grc'><strong>6,</strong></span> <span class='ocrx_word' id='word_1_28' title='bbox 276 713 330 792; x_wconf 86' lang='lat' dir='ltr'><strong>qui</strong></span> <span class='ocrx_word' id='word_1_29' title='bbox 343 712 441 774; x_wconf 90' lang='lat' dir='ltr'><strong>laicus</strong></span> <span class='ocrx_word' id='word_1_30' title='bbox 456 713 523 772; x_wconf 90' lang='lat' dir='ltr'><strong>erat</strong></span> <span class='ocrx_word' id='word_1_31' title='bbox 543 730 562 773; x_wconf 89' lang='lat' dir='ltr'><strong>a</strong></span> <span class='ocrx_word' id='word_1_32' title='bbox 583 710 694 790; x_wconf 87' lang='lat' dir='ltr'><strong>quovis</strong></span> <span class='ocrx_word' id='word_1_33' title='bbox 717 709 862 789; x_wconf 88' lang='lat' dir='ltr'><strong>episcopo</strong></span> <span class='ocrx_word' id='word_1_34' title='bbox 883 710 1007 788; x_wconf 86' lang='lat' dir='ltr'><strong>poterat</strong></span> <span class='ocrx_word' id='word_1_35' title='bbox 1028 710 1114 770; x_wconf 91' lang='lat' dir='ltr'><strong>ordi-</strong></span> 
     </span>
     <span class='ocr_line' id='line_1_6' title="bbox 184 805 1112 886; baseline -0.003 -16"><span class='ocrx_word' id='word_1_36' title='bbox 184 810 267 882; x_wconf 89' lang='lat' dir='ltr'><strong>nari;</strong></span> <span class='ocrx_word' id='word_1_37' title='bbox 280 808 335 868; x_wconf 91' lang='lat' dir='ltr'><strong>sed</strong></span> <span class='ocrx_word' id='word_1_38' title='bbox 350 826 386 868; x_wconf 89' lang='lat' dir='ltr'><strong>ex</strong></span> <span class='ocrx_word' id='word_1_39' title='bbox 401 807 569 886; x_wconf 80' lang='lat' dir='ltr'><strong>prime&#39;illa</strong></span> <span class='ocrx_word' id='word_1_40' title='bbox 583 806 779 868; x_wconf 89' lang='lat' dir='ltr'><strong>ordinatione</strong></span> <span class='ocrx_word' id='word_1_41' title='bbox 793 822 857 885; x_wconf 85' lang='lat' dir='ltr'><strong>qua</strong></span> <span class='ocrx_word' id='word_1_42' title='bbox 870 805 1067 868; x_wconf 81' lang='lat' dir='ltr'><strong>referebatur</strong></span> <span class='ocrx_word' id='word_1_43' title='bbox 1080 808 1112 867; x_wconf 92' lang='lat' dir='ltr'><strong>in</strong></span> 
     </span>
     <span class='ocr_line' id='line_1_7' title="bbox 183 900 1111 980; baseline -0.004 -15"><span class='ocrx_word' id='word_1_44' title='bbox 183 905 319 978; x_wconf 89' lang='lat' dir='ltr'><strong>clerum,</strong></span> <span class='ocrx_word' id='word_1_45' title='bbox 344 902 510 980; x_wconf 87' lang='lat' dir='ltr'><strong>peculiaris</strong></span> <span class='ocrx_word' id='word_1_46' title='bbox 531 901 677 964; x_wconf 72' lang='lat' dir='ltr'><strong>Ecclesiae</strong></span> <span class='ocrx_word' id='word_1_47' title='bbox 697 900 824 962; x_wconf 87' lang='lat' dir='ltr'><strong>servitio</strong></span> <span class='ocrx_word' id='word_1_48' title='bbox 852 900 1111 980; x_wconf 76' lang='lat' dir='ltr'><strong>mancipabatur,</strong></span> 
     </span>
     <span class='ocr_line' id='line_1_8' title="bbox 182 994 1113 1076; baseline -0.004 -18"><span class='ocrx_word' id='word_1_49' title='bbox 182 999 265 1059; x_wconf 91' lang='lat' dir='ltr'><strong>illius</strong></span> <span class='ocrx_word' id='word_1_50' title='bbox 279 997 424 1076; x_wconf 88' lang='lat' dir='ltr'><strong>episcopo</strong></span> <span class='ocrx_word' id='word_1_51' title='bbox 439 996 663 1076; x_wconf 78' lang='lat' dir='ltr'><strong>subjiciebatur</strong></span> <span class='ocrx_word' id='word_1_52' title='bbox 677 998 709 1057; x_wconf 91' lang='lat' dir='ltr'><strong>et</strong></span> <span class='ocrx_word' id='word_1_53' title='bbox 722 995 762 1056; x_wconf 91' lang='lat' dir='ltr'><strong>ab</strong></span> <span class='ocrx_word' id='word_1_54' title='bbox 778 1011 814 1055; x_wconf 87' lang='lat' dir='ltr'><strong>eu</strong></span> <span class='ocrx_word' id='word_1_55' title='bbox 828 997 951 1056; x_wconf 90' lang='lat' dir='ltr'><strong>tantum</strong></span> <span class='ocrx_word' id='word_1_56' title='bbox 971 994 1113 1073; x_wconf 86' lang='lat' dir='ltr'><strong>reliquos</strong></span> 
     </span>
     <span class='ocr_line' id='line_1_9' title="bbox 184 1087 1114 1170; baseline -0.005 -16"><span class='ocrx_word' id='word_1_57' title='bbox 184 1090 309 1154; x_wconf 88' lang='lat' dir='ltr'><strong>ordines</strong></span> <span class='ocrx_word' id='word_1_58' title='bbox 328 1092 452 1170; x_wconf 88' lang='lat' dir='ltr'><strong>potarat</strong></span> <span class='ocrx_word' id='word_1_59' title='bbox 472 1092 621 1168; x_wconf 88' lang='lat' dir='ltr'><strong>recipere.</strong></span> <span class='ocrx_word' id='word_1_60' title='bbox 646 1089 709 1154; x_wconf 88' lang='lat' dir='ltr'><strong>Sed</strong></span> <span class='ocrx_word' id='word_1_61' title='bbox 730 1087 831 1151; x_wconf 82' lang='lat' dir='ltr'><strong>Bonis.</strong></span> <span class='ocrx_word' id='word_1_62' title='bbox 860 1090 928 1151; x_wconf 91' lang='lat' dir='ltr'><strong>VIII</strong></span> <span class='ocrx_word' id='word_1_63' title='bbox 956 1087 1114 1167; x_wconf 75' lang='lat' dir='ltr'><strong>triplicem</strong></span> 
     </span>
     <span class='ocr_line' id='line_1_10' title="bbox 184 1183 1112 1266; baseline -0.004 -18"><span class='ocrx_word' id='word_1_64' title='bbox 184 1185 323 1248; x_wconf 84' lang='lat' dir='ltr'><strong>distinxit</strong></span> <span class='ocrx_word' id='word_1_65' title='bbox 336 1203 464 1246; x_wconf 88' lang='lat' dir='ltr'><strong>causam</strong></span> <span class='ocrx_word' id='word_1_66' title='bbox 479 1203 542 1266; x_wconf 87' lang='lat' dir='ltr'><strong>qua</strong></span> <span class='ocrx_word' id='word_1_67' title='bbox 559 1188 665 1264; x_wconf 90' lang='lat' dir='ltr'><strong>posset</strong></span> <span class='ocrx_word' id='word_1_68' title='bbox 684 1184 725 1246; x_wconf 88' lang='lat' dir='ltr'><strong>ab</strong></span> <span class='ocrx_word' id='word_1_69' title='bbox 747 1185 892 1264; x_wconf 87' lang='lat' dir='ltr'><strong>episcopo</strong></span> <span class='ocrx_word' id='word_1_70' title='bbox 916 1183 1029 1262; x_wconf 86' lang='lat' dir='ltr'><strong>aliquis</strong></span> <span class='ocrx_word' id='word_1_71' title='bbox 1052 1185 1112 1246; x_wconf 89' lang='lat' dir='ltr'><strong>rite</strong></span> 
     </span>
     <span class='ocr_line' id='line_1_11' title="bbox 184 1277 861 1360; baseline -0.003 -20"><span class='ocrx_word' id='word_1_72' title='bbox 184 1278 347 1340; x_wconf 90' lang='lat' dir='ltr'><strong>ordinari:</strong></span> <span class='ocrx_word' id='word_1_73' title='bbox 366 1279 459 1360; x_wconf 80' lang='lat' dir='ltr'><strong>oripo,</strong></span> <span class='ocrx_word' id='word_1_74' title='bbox 478 1277 655 1359; x_wconf 79' lang='lat' dir='ltr'><strong>beneficiam,</strong></span> <span class='ocrx_word' id='word_1_75' title='bbox 670 1277 861 1339; x_wconf 81' lang='lat' dir='ltr'><strong>domicilium.</strong></span> 
     </span>
    </p>

    <p class='ocr_par' dir='ltr' id='par_1_4' title="bbox 182 1370 1114 1718">
     <span class='ocr_line' id='line_1_12' title="bbox 222 1370 1112 1452; baseline 0.003 -22"><span class='ocrx_word' id='word_1_76' title='bbox 222 1371 395 1450; x_wconf 77' lang='lat' dir='ltr'><strong>Episcopus</strong></span> <span class='ocrx_word' id='word_1_77' title='bbox 409 1371 531 1452; x_wconf 75' lang='lat' dir='ltr'><strong>eripiaris</strong></span> <span class='ocrx_word' id='word_1_78' title='bbox 544 1371 606 1449; x_wconf 89' lang='lat' dir='ltr'><strong>ille,</strong></span> <span class='ocrx_word' id='word_1_79' title='bbox 622 1371 655 1432; x_wconf 90' lang='lat' dir='ltr'><strong>in</strong></span> <span class='ocrx_word' id='word_1_80' title='bbox 670 1370 759 1451; x_wconf 85' lang='lat' dir='ltr'><strong>cujus</strong></span> <span class='ocrx_word' id='word_1_81' title='bbox 773 1371 910 1448; x_wconf 84' lang='lat' dir='ltr'><strong>dioecesi,</strong></span> <span class='ocrx_word' id='word_1_82' title='bbox 928 1389 991 1433; x_wconf 88' lang='lat' dir='ltr'><strong>non</strong></span> <span class='ocrx_word' id='word_1_83' title='bbox 1005 1374 1112 1434; x_wconf 87' lang='lat' dir='ltr'><strong>tamen</strong></span> 
     </span>
     <span class='ocr_line' id='line_1_13' title="bbox 183 1466 1114 1546; baseline 0.004 -20"><span class='ocrx_word' id='word_1_84' title='bbox 183 1483 222 1526; x_wconf 88' lang='lat' dir='ltr'><strong>ex</strong></span> <span class='ocrx_word' id='word_1_85' title='bbox 236 1466 390 1527; x_wconf 85' lang='lat' dir='ltr'><strong>accidenti</strong></span> <span class='ocrx_word' id='word_1_86' title='bbox 403 1466 607 1544; x_wconf 84' lang='lat' dir='ltr'><strong>vellortuito,</strong></span> <span class='ocrx_word' id='word_1_87' title='bbox 623 1470 715 1528; x_wconf 88' lang='lat' dir='ltr'><strong>natus</strong></span> <span class='ocrx_word' id='word_1_88' title='bbox 736 1467 792 1528; x_wconf 88' lang='lat' dir='ltr'><strong>est.</strong></span> <span class='ocrx_word' id='word_1_89' title='bbox 819 1466 852 1530; x_wconf 87' lang='lat' dir='ltr'><strong>si</strong></span> <span class='ocrx_word' id='word_1_90' title='bbox 873 1466 1012 1544; x_wconf 88' lang='lat' dir='ltr'><strong>fortuito,</strong></span> <span class='ocrx_word' id='word_1_91' title='bbox 1035 1472 1114 1546; x_wconf 90' lang='lat' dir='ltr'><strong>puta</strong></span> 
     </span>
     <span class='ocr_line' id='line_1_14' title="bbox 183 1560 1114 1641; baseline 0.003 -19"><span class='ocrx_word' id='word_1_92' title='bbox 183 1579 279 1623; x_wconf 92' lang='lat' dir='ltr'><strong>causa</strong></span> <span class='ocrx_word' id='word_1_93' title='bbox 291 1561 423 1638; x_wconf 89' lang='lat' dir='ltr'><strong>itineris,</strong></span> <span class='ocrx_word' id='word_1_94' title='bbox 439 1561 616 1641; x_wconf 80' lang='lat' dir='ltr'><strong>legationis,</strong></span> <span class='ocrx_word' id='word_1_95' title='bbox 638 1560 771 1622; x_wconf 88' lang='lat' dir='ltr'><strong>officii...</strong></span> <span class='ocrx_word' id='word_1_96' title='bbox 795 1561 882 1640; x_wconf 85' lang='lat' dir='ltr'><strong>origo</strong></span> <span class='ocrx_word' id='word_1_97' title='bbox 903 1563 1001 1641; x_wconf 86' lang='lat' dir='ltr'><strong>patris</strong></span> <span class='ocrx_word' id='word_1_98' title='bbox 1021 1580 1114 1641; x_wconf 84' lang='lat' dir='ltr'><strong>spac-</strong></span> 
     </span>
     <span class='ocr_line' id='line_1_15' title="bbox 182 1658 277 1718; baseline -0.011 0"><span class='ocrx_word' id='word_1_99' title='bbox 182 1658 277 1718; x_wconf 86' lang='lat' dir='ltr'><strong>tatur.</strong></span> 
     </span>
    </p>

    <p class='ocr_par' dir='ltr' id='par_1_5' title="bbox 182 1746 1114 1924">
     <span class='ocr_line' id='line_1_16' title="bbox 221 1746 1114 1832; baseline 0.006 -23"><span class='ocrx_word' id='word_1_100' title='bbox 221 1748 394 1827; x_wconf 77' lang='lat' dir='ltr'><strong>Episcopus</strong></span> <span class='ocrx_word' id='word_1_101' title='bbox 409 1746 540 1826; x_wconf 78' lang='lat' dir='ltr'><strong>laneficii</strong></span> <span class='ocrx_word' id='word_1_102' title='bbox 550 1747 602 1809; x_wconf 90' lang='lat' dir='ltr'><strong>ille</strong></span> <span class='ocrx_word' id='word_1_103' title='bbox 616 1747 649 1809; x_wconf 93' lang='lat' dir='ltr'><strong>in</strong></span> <span class='ocrx_word' id='word_1_104' title='bbox 670 1749 759 1831; x_wconf 85' lang='lat' dir='ltr'><strong>cujus</strong></span> <span class='ocrx_word' id='word_1_105' title='bbox 780 1750 908 1813; x_wconf 84' lang='lat' dir='ltr'><strong>dioecesi</strong></span> <span class='ocrx_word' id='word_1_106' title='bbox 927 1752 997 1832; x_wconf 86' lang='lat' dir='ltr'><strong>quis</strong></span> <span class='ocrx_word' id='word_1_107' title='bbox 1014 1751 1114 1815; x_wconf 87' lang='lat' dir='ltr'><strong>habet</strong></span> 
     </span>
     <span class='ocr_line' id='line_1_17' title="bbox 182 1840 1111 1924; baseline 0.001 -20"><span class='ocrx_word' id='word_1_108' title='bbox 182 1840 407 1904; x_wconf 84' lang='lat' dir='ltr'><strong>beneficium...</strong></span> <span class='ocrx_word' id='word_1_109' title='bbox 437 1841 532 1902; x_wconf 89' lang='lat' dir='ltr'><strong>modo</strong></span> <span class='ocrx_word' id='word_1_110' title='bbox 560 1841 627 1922; x_wconf 88' lang='lat' dir='ltr'><strong>ejus</strong></span> <span class='ocrx_word' id='word_1_111' title='bbox 654 1843 795 1906; x_wconf 87' lang='lat' dir='ltr'><strong>redditus</strong></span> <span class='ocrx_word' id='word_1_112' title='bbox 823 1845 903 1906; x_wconf 89' lang='lat' dir='ltr'><strong>sacri</strong></span> <span class='ocrx_word' id='word_1_113' title='bbox 930 1845 1111 1924; x_wconf 90' lang='lat' dir='ltr'><strong>patrimonii</strong></span> 
     </span>
    </p>
   </div>
   <div class='ocr_carea' id='block_1_3' title="bbox 77 1935 1112 2018">
    <p class='ocr_par' dir='ltr' id='par_1_6' title="bbox 77 1935 1112 2018">
     <span class='ocr_line' id='line_1_18' title="bbox 77 1935 1112 2018; baseline 0.005 -19"><span class='ocrx_word' id='word_1_114' title='bbox 77 1937 87 1950; x_wconf 85' lang='grc'><strong>”</strong></span> <span class='ocrx_word' id='word_1_115' title='bbox 179 1945 285 2000; x_wconf 86' lang='lat' dir='ltr'><strong>texam</strong></span> <span class='ocrx_word' id='word_1_116' title='bbox 299 1936 467 2017; x_wconf 83' lang='lat' dir='ltr'><strong>adaequant</strong></span> <span class='ocrx_word' id='word_1_117' title='bbox 482 1935 626 1999; x_wconf 88' lang='lat' dir='ltr'><strong>dioecesis</strong></span> <span class='ocrx_word' id='word_1_118' title='bbox 640 1939 690 1999; x_wconf 87' lang='lat' dir='ltr'><strong>vel</strong></span> <span class='ocrx_word' id='word_1_119' title='bbox 705 1938 833 2018; x_wconf 80' lang='lat' dir='ltr'><strong>originis</strong></span> <span class='ocrx_word' id='word_1_120' title='bbox 851 1940 878 2000; x_wconf 90' lang='lat' dir='ltr'><strong>si</strong></span> <span class='ocrx_word' id='word_1_121' title='bbox 887 1941 1112 2004; x_wconf 87' lang='lat' dir='ltr'><strong>beneficiarius</strong></span> 
     </span>
    </p>
   </div>
   <div class='ocr_carea' id='block_1_4' title="bbox 180 2032 1114 3066">
    <p class='ocr_par' dir='ltr' id='par_1_7' title="bbox 181 2032 1113 2189">
     <span class='ocr_line' id='line_1_19' title="bbox 181 2032 1113 2111; baseline 0.005 -18"><span class='ocrx_word' id='word_1_122' title='bbox 181 2036 213 2094; x_wconf 93' lang='lat' dir='ltr'><strong>in</strong></span> <span class='ocrx_word' id='word_1_123' title='bbox 229 2051 266 2093; x_wconf 90' lang='lat' dir='ltr'><strong>ea</strong></span> <span class='ocrx_word' id='word_1_124' title='bbox 279 2037 474 2111; x_wconf 86' lang='lat' dir='ltr'><strong>permaneat,</strong></span> <span class='ocrx_word' id='word_1_125' title='bbox 491 2032 542 2094; x_wconf 88' lang='lat' dir='ltr'><strong>vel</strong></span> <span class='ocrx_word' id='word_1_126' title='bbox 554 2033 709 2110; x_wconf 83' lang='lat' dir='ltr'><strong>beneficii,</strong></span> <span class='ocrx_word' id='word_1_127' title='bbox 726 2033 752 2094; x_wconf 91' lang='lat' dir='ltr'><strong>si</strong></span> <span class='ocrx_word' id='word_1_128' title='bbox 767 2035 808 2094; x_wconf 93' lang='lat' dir='ltr'><strong>ad</strong></span> <span class='ocrx_word' id='word_1_129' title='bbox 822 2052 893 2097; x_wconf 90' lang='lat' dir='ltr'><strong>eam</strong></span> <span class='ocrx_word' id='word_1_130' title='bbox 908 2053 999 2097; x_wconf 90' lang='lat' dir='ltr'><strong>suum</strong></span> <span class='ocrx_word' id='word_1_131' title='bbox 1011 2040 1113 2099; x_wconf 77' lang='lat' dir='ltr'><strong>trans</strong></span> 
     </span>
     <span class='ocr_line' id='line_1_20' title="bbox 181 2122 856 2189; baseline -0.003 -1"><span class='ocrx_word' id='word_1_132' title='bbox 181 2127 261 2189; x_wconf 87' lang='lat' dir='ltr'><strong>ierat</strong></span> <span class='ocrx_word' id='word_1_133' title='bbox 275 2126 478 2189; x_wconf 88' lang='lat' dir='ltr'><strong>domicilium.</strong></span> <span class='ocrx_word' id='word_1_134' title='bbox 852 2122 856 2129; x_wconf 84' lang='lat'>&#39;</span> 
     </span>
    </p>

    <p class='ocr_par' dir='ltr' id='par_1_8' title="bbox 180 2225 1114 3066">
     <span class='ocr_line' id='line_1_21' title="bbox 221 2225 1112 2308; baseline 0.004 -22"><span class='ocrx_word' id='word_1_135' title='bbox 221 2226 394 2308; x_wconf 73' lang='lat' dir='ltr'><strong>Episcopus</strong></span> <span class='ocrx_word' id='word_1_136' title='bbox 407 2225 549 2288; x_wconf 77' lang='lat' dir='ltr'><strong>domicilii</strong></span> <span class='ocrx_word' id='word_1_137' title='bbox 567 2228 593 2287; x_wconf 86' lang='lat' dir='ltr'><strong>is</strong></span> <span class='ocrx_word' id='word_1_138' title='bbox 614 2227 646 2287; x_wconf 94' lang='lat' dir='ltr'><strong>in</strong></span> <span class='ocrx_word' id='word_1_139' title='bbox 668 2226 757 2307; x_wconf 85' lang='lat' dir='ltr'><strong>cnjus</strong></span> <span class='ocrx_word' id='word_1_140' title='bbox 778 2226 906 2290; x_wconf 75' lang='lat' dir='ltr'><strong>diaecesi</strong></span> <span class='ocrx_word' id='word_1_141' title='bbox 927 2229 997 2308; x_wconf 81' lang='lat' dir='ltr'><strong>quis</strong></span> <span class='ocrx_word' id='word_1_142' title='bbox 1018 2247 1112 2290; x_wconf 93' lang='lat' dir='ltr'><strong>suum</strong></span> 
     </span>
     <span class='ocr_line' id='line_1_22' title="bbox 182 2321 1113 2402; baseline 0.002 -19"><span class='ocrx_word' id='word_1_143' title='bbox 182 2323 278 2385; x_wconf 89' lang='lat' dir='ltr'><strong>habel</strong></span> <span class='ocrx_word' id='word_1_144' title='bbox 291 2321 493 2384; x_wconf 91' lang='lat' dir='ltr'><strong>domicilium.</strong></span> <span class='ocrx_word' id='word_1_145' title='bbox 510 2321 709 2383; x_wconf 89' lang='lat' dir='ltr'><strong>Domioilium</strong></span> <span class='ocrx_word' id='word_1_146' title='bbox 721 2323 754 2383; x_wconf 91' lang='lat' dir='ltr'><strong>in</strong></span> <span class='ocrx_word' id='word_1_147' title='bbox 770 2341 806 2386; x_wconf 89' lang='lat' dir='ltr'><strong>eo</strong></span> <span class='ocrx_word' id='word_1_148' title='bbox 821 2323 889 2384; x_wconf 93' lang='lat' dir='ltr'><strong>Ioco</strong></span> <span class='ocrx_word' id='word_1_149' title='bbox 909 2324 978 2402; x_wconf 86' lang='lat' dir='ltr'><strong>quis</strong></span> <span class='ocrx_word' id='word_1_150' title='bbox 993 2324 1113 2385; x_wconf 90' lang='lat' dir='ltr'><strong>habere</strong></span> 
     </span>
     <span class='ocr_line' id='line_1_23' title="bbox 181 2414 1113 2495; baseline 0 -19"><span class='ocrx_word' id='word_1_151' title='bbox 181 2416 295 2478; x_wconf 89' lang='lat' dir='ltr'><strong>dicitur</strong></span> <span class='ocrx_word' id='word_1_152' title='bbox 309 2414 361 2475; x_wconf 91' lang='lat' dir='ltr'><strong>ubi</strong></span> <span class='ocrx_word' id='word_1_153' title='bbox 375 2416 474 2476; x_wconf 89' lang='lat' dir='ltr'><strong>larem</strong></span> <span class='ocrx_word' id='word_1_154' title='bbox 488 2432 656 2494; x_wconf 86' lang='lat' dir='ltr'><strong>rerumque</strong></span> <span class='ocrx_word' id='word_1_155' title='bbox 674 2418 768 2495; x_wconf 88' lang='lat' dir='ltr'><strong>atquc</strong></span> <span class='ocrx_word' id='word_1_156' title='bbox 778 2415 975 2478; x_wconf 87' lang='lat' dir='ltr'><strong>fortunarum</strong></span> <span class='ocrx_word' id='word_1_157' title='bbox 984 2433 1113 2476; x_wconf 88' lang='lat' dir='ltr'><strong>suarum</strong></span> 
     </span>
     <span class='ocr_line' id='line_1_24' title="bbox 182 2509 1114 2573; baseline 0.001 -2"><span class='ocrx_word' id='word_1_158' title='bbox 182 2529 338 2571; x_wconf 86' lang='lat' dir='ltr'><strong>summam</strong></span> <span class='ocrx_word' id='word_1_159' title='bbox 348 2511 508 2573; x_wconf 90' lang='lat' dir='ltr'><strong>constituit</strong></span> <span class='ocrx_word' id='word_1_160' title='bbox 520 2531 526 2572; x_wconf 91' lang='lat'>:</span> <span class='ocrx_word' id='word_1_161' title='bbox 540 2509 623 2572; x_wconf 90' lang='lat' dir='ltr'><strong>uude</strong></span> <span class='ocrx_word' id='word_1_162' title='bbox 633 2529 697 2572; x_wconf 91' lang='lat' dir='ltr'><strong>non</strong></span> <span class='ocrx_word' id='word_1_163' title='bbox 710 2511 751 2573; x_wconf 90' lang='lat' dir='ltr'><strong>sit</strong></span> <span class='ocrx_word' id='word_1_164' title='bbox 764 2527 872 2570; x_wconf 88' lang='lat' dir='ltr'><strong>rursus</strong></span> <span class='ocrx_word' id='word_1_165' title='bbox 887 2510 1073 2572; x_wconf 89' lang='lat' dir='ltr'><strong>decessurus</strong></span> <span class='ocrx_word' id='word_1_166' title='bbox 1087 2513 1114 2572; x_wconf 96' lang='lat' dir='ltr'><strong>si</strong></span> 
     </span>
     <span class='ocr_line' id='line_1_25' title="bbox 181 2600 1113 2682; baseline 0 -20"><span class='ocrx_word' id='word_1_167' title='bbox 181 2603 259 2663; x_wconf 89' lang='lat' dir='ltr'><strong>nihil</strong></span> <span class='ocrx_word' id='word_1_168' title='bbox 272 2604 394 2678; x_wconf 77' lang='lat' dir='ltr'><strong>avocet,</strong></span> <span class='ocrx_word' id='word_1_169' title='bbox 419 2601 562 2682; x_wconf 83' lang='lat' dir='ltr'><strong>adeoque</strong></span> <span class='ocrx_word' id='word_1_170' title='bbox 584 2619 693 2681; x_wconf 89' lang='lat' dir='ltr'><strong>quum,</strong></span> <span class='ocrx_word' id='word_1_171' title='bbox 718 2600 947 2680; x_wconf 68' lang='lat' dir='ltr'><strong>suprafatus,</strong></span> <span class='ocrx_word' id='word_1_172' title='bbox 970 2602 1113 2681; x_wconf 79' lang='lat' dir='ltr'><strong>peregri-</strong></span> 
     </span>
     <span class='ocr_line' id='line_1_26' title="bbox 182 2696 1113 2777; baseline 0.002 -20"><span class='ocrx_word' id='word_1_173' title='bbox 182 2697 250 2757; x_wconf 88' lang='lat' dir='ltr'><strong>nari</strong></span> <span class='ocrx_word' id='word_1_174' title='bbox 268 2696 411 2773; x_wconf 89' lang='lat' dir='ltr'><strong>videtur;</strong></span> <span class='ocrx_word' id='word_1_175' title='bbox 433 2714 494 2775; x_wconf 89' lang='lat' dir='ltr'><strong>quo</strong></span> <span class='ocrx_word' id='word_1_176' title='bbox 509 2697 535 2757; x_wconf 89' lang='lat' dir='ltr'><strong>si</strong></span> <span class='ocrx_word' id='word_1_177' title='bbox 559 2696 663 2771; x_wconf 88' lang='lat' dir='ltr'><strong>rediit,</strong></span> <span class='ocrx_word' id='word_1_178' title='bbox 686 2698 882 2777; x_wconf 80' lang='lat' dir='ltr'><strong>peregrinari</strong></span> <span class='ocrx_word' id='word_1_179' title='bbox 905 2714 968 2758; x_wconf 89' lang='lat' dir='ltr'><strong>non</strong></span> <span class='ocrx_word' id='word_1_180' title='bbox 990 2697 1113 2759; x_wconf 89' lang='lat' dir='ltr'><strong>destitit</strong></span> 
     </span>
     <span class='ocr_line' id='line_1_27' title="bbox 182 2791 1111 2872; baseline -0.001 -18"><span class='ocrx_word' id='word_1_181' title='bbox 182 2793 274 2872; x_wconf 67' lang='lat' dir='ltr'><strong>(Ial.</strong></span> <span class='ocrx_word' id='word_1_182' title='bbox 292 2793 325 2853; x_wconf 88' lang='lat' dir='ltr'><strong>G.</strong></span> <span class='ocrx_word' id='word_1_183' title='bbox 342 2792 382 2852; x_wconf 86' lang='lat' dir='ltr'><strong>da</strong></span> <span class='ocrx_word' id='word_1_184' title='bbox 397 2791 530 2871; x_wconf 90' lang='lat' dir='ltr'><strong>incolis).</strong></span> <span class='ocrx_word' id='word_1_185' title='bbox 547 2792 629 2871; x_wconf 87' lang='lat' dir='ltr'><strong>Ergo</strong></span> <span class='ocrx_word' id='word_1_186' title='bbox 651 2791 798 2853; x_wconf 89' lang='lat' dir='ltr'><strong>diuturna</strong></span> <span class='ocrx_word' id='word_1_187' title='bbox 812 2809 902 2852; x_wconf 86' lang='lat' dir='ltr'><strong>mora</strong></span> <span class='ocrx_word' id='word_1_188' title='bbox 916 2811 988 2854; x_wconf 92' lang='lat' dir='ltr'><strong>cum</strong></span> <span class='ocrx_word' id='word_1_189' title='bbox 1002 2793 1111 2854; x_wconf 89' lang='lat' dir='ltr'><strong>animo</strong></span> 
     </span>
     <span class='ocr_line' id='line_1_28' title="bbox 180 2887 1112 2968; baseline -0.003 -19"><span class='ocrx_word' id='word_1_190' title='bbox 180 2887 387 2968; x_wconf 86' lang='lat' dir='ltr'><strong>permanendi</strong></span> <span class='ocrx_word' id='word_1_191' title='bbox 401 2887 593 2948; x_wconf 91' lang='lat' dir='ltr'><strong>domicilium</strong></span> <span class='ocrx_word' id='word_1_192' title='bbox 607 2888 780 2966; x_wconf 86' lang='lat' dir='ltr'><strong>acquiritur</strong></span> <span class='ocrx_word' id='word_1_193' title='bbox 799 2887 970 2968; x_wconf 75' lang='lat' dir='ltr'><strong>(ponmtur</strong></span> <span class='ocrx_word' id='word_1_194' title='bbox 988 2889 1016 2949; x_wconf 85' lang='lat' dir='ltr'><strong>X</strong></span> <span class='ocrx_word' id='word_1_195' title='bbox 1037 2888 1112 2949; x_wconf 88' lang='lat' dir='ltr'><strong>anni</strong></span> 
     </span>
     <span class='ocr_line' id='line_1_29' title="bbox 182 2983 643 3066; baseline -0.007 -20"><span class='ocrx_word' id='word_1_196' title='bbox 182 2995 254 3046; x_wconf 88' lang='lat' dir='ltr'><strong>cum</strong></span> <span class='ocrx_word' id='word_1_197' title='bbox 265 2983 443 3066; x_wconf 86' lang='lat' dir='ltr'><strong>juramento</strong></span> <span class='ocrx_word' id='word_1_198' title='bbox 459 2983 498 3044; x_wconf 88' lang='lat' dir='ltr'><strong>de</strong></span> <span class='ocrx_word' id='word_1_199' title='bbox 513 2983 643 3062; x_wconf 90' lang='lat' dir='ltr'><strong>animo).</strong></span> 
     </span>
    </p>
   </div>
   <div class='ocr_carea' id='block_1_5' title="bbox 88 3077 1112 3160">
    <p class='ocr_par' dir='ltr' id='par_1_9' title="bbox 88 3077 1112 3160">
     <span class='ocr_line' id='line_1_30' title="bbox 88 3077 1112 3160; baseline -0.002 -17"><span class='ocrx_word' id='word_1_200' title='bbox 88 3151 90 3154; x_wconf 50' lang='grc'><strong>,</strong></span> <span class='ocrx_word' id='word_1_201' title='bbox 220 3081 356 3143; x_wconf 84' lang='lat' dir='ltr'><strong>Additur</strong></span> <span class='ocrx_word' id='word_1_202' title='bbox 369 3083 401 3142; x_wconf 89' lang='lat' dir='ltr'><strong>et</strong></span> <span class='ocrx_word' id='word_1_203' title='bbox 416 3079 581 3159; x_wconf 89' lang='lat' dir='ltr'><strong>episcopus</strong></span> <span class='ocrx_word' id='word_1_204' title='bbox 600 3077 814 3160; x_wconf 76' lang='lat' dir='ltr'><strong>familiaritatis</strong></span> <span class='ocrx_word' id='word_1_205' title='bbox 835 3079 889 3158; x_wconf 90' lang='lat' dir='ltr'><strong>qui</strong></span> <span class='ocrx_word' id='word_1_206' title='bbox 906 3081 1011 3158; x_wconf 84' lang='lat' dir='ltr'><strong>potest</strong></span> <span class='ocrx_word' id='word_1_207' title='bbox 1029 3078 1112 3141; x_wconf 90' lang='lat' dir='ltr'><strong>crdi-</strong></span> 
     </span>
    </p>
   </div>
   <div class='ocr_carea' id='block_1_6' title="bbox 107 3173 1113 3539">
    <p class='ocr_par' dir='ltr' id='par_1_10' title="bbox 107 3173 1113 3539">
     <span class='ocr_line' id='line_1_31' title="bbox 182 3173 1111 3252; baseline -0.001 -16"><span class='ocrx_word' id='word_1_208' title='bbox 182 3194 258 3237; x_wconf 86' lang='lat' dir='ltr'><strong>nara</strong></span> <span class='ocrx_word' id='word_1_209' title='bbox 272 3175 459 3238; x_wconf 89' lang='lat' dir='ltr'><strong>familiarem</strong></span> <span class='ocrx_word' id='word_1_210' title='bbox 474 3193 577 3252; x_wconf 90' lang='lat' dir='ltr'><strong>sunm,</strong></span> <span class='ocrx_word' id='word_1_211' title='bbox 592 3175 667 3237; x_wconf 89' lang='lat' dir='ltr'><strong>licet</strong></span> <span class='ocrx_word' id='word_1_212' title='bbox 680 3192 743 3236; x_wconf 89' lang='lat' dir='ltr'><strong>nou</strong></span> <span class='ocrx_word' id='word_1_213' title='bbox 757 3173 928 3252; x_wconf 89' lang='lat' dir='ltr'><strong>subditum,</strong></span> <span class='ocrx_word' id='word_1_214' title='bbox 941 3174 1111 3236; x_wconf 93' lang='lat' dir='ltr'><strong>dummodo</strong></span> 
     </span>
     <span class='ocr_line' id='line_1_32' title="bbox 181 3271 1112 3356; baseline 0.001 -27"><span class='ocrx_word' id='word_1_215' title='bbox 181 3288 238 3349; x_wconf 88' lang='lat' dir='ltr'><strong>per</strong></span> <span class='ocrx_word' id='word_1_216' title='bbox 251 3271 420 3333; x_wconf 89' lang='lat' dir='ltr'><strong>triennium</strong></span> <span class='ocrx_word' id='word_1_217' title='bbox 435 3289 497 3332; x_wconf 91' lang='lat' dir='ltr'><strong>uon</strong></span> <span class='ocrx_word' id='word_1_218' title='bbox 512 3271 736 3351; x_wconf 89' lang='lat' dir='ltr'><strong>interpolatum</strong></span> <span class='ocrx_word' id='word_1_219' title='bbox 751 3288 824 3356; x_wconf 85' lang='lat' dir='ltr'><strong>cum</strong></span> <span class='ocrx_word' id='word_1_220' title='bbox 843 3288 880 3331; x_wconf 91' lang='lat' dir='ltr'><strong>eo</strong></span> <span class='ocrx_word' id='word_1_221' title='bbox 900 3274 1112 3332; x_wconf 86' lang='lat' dir='ltr'><strong>commoratus</strong></span> 
     </span>
     <span class='ocr_line' id='line_1_33' title="bbox 107 3363 1112 3440; baseline 0.001 -16"><span class='ocrx_word' id='word_1_222' title='bbox 107 3404 110 3408; x_wconf 32' lang='grc' dir='ltr'><em>ψ</em></span> <span class='ocrx_word' id='word_1_223' title='bbox 184 3363 285 3440; x_wconf 80' lang='lat' dir='ltr'><strong>fuerit,</strong></span> <span class='ocrx_word' id='word_1_224' title='bbox 302 3373 334 3426; x_wconf 87' lang='lat' dir='ltr'><strong>at</strong></span> <span class='ocrx_word' id='word_1_225' title='bbox 347 3366 535 3428; x_wconf 84' lang='lat' dir='ltr'><strong>beneficium</strong></span> <span class='ocrx_word' id='word_1_226' title='bbox 549 3367 613 3428; x_wconf 85' lang='lat' dir='ltr'><strong>sire</strong></span> <span class='ocrx_word' id='word_1_227' title='bbox 633 3366 745 3428; x_wconf 88' lang='lat' dir='ltr'><strong>frande</strong></span> <span class='ocrx_word' id='word_1_228' title='bbox 766 3366 872 3429; x_wconf 88' lang='lat' dir='ltr'><strong>statim</strong></span> <span class='ocrx_word' id='word_1_229' title='bbox 891 3365 937 3426; x_wconf 92' lang='lat' dir='ltr'><strong>illi</strong></span> <span class='ocrx_word' id='word_1_230' title='bbox 956 3365 1112 3440; x_wconf 64' lang='lat' dir='ltr'><strong>conferat</strong></span> 
     </span>
     <span class='ocr_line' id='line_1_34' title="bbox 183 3460 1113 3539; baseline -0.003 -18"><span class='ocrx_word' id='word_1_231' title='bbox 183 3460 242 3522; x_wconf 88' lang='lat' dir='ltr'><strong>nisi</strong></span> <span class='ocrx_word' id='word_1_232' title='bbox 260 3460 417 3522; x_wconf 86' lang='lat' dir='ltr'><strong>sufficiens</strong></span> <span class='ocrx_word' id='word_1_233' title='bbox 440 3461 664 3539; x_wconf 90' lang='lat' dir='ltr'><strong>patrimonium</strong></span> <span class='ocrx_word' id='word_1_234' title='bbox 687 3461 813 3522; x_wconf 90' lang='lat' dir='ltr'><strong>habeat.</strong></span> <span class='ocrx_word' id='word_1_235' title='bbox 839 3463 905 3522; x_wconf 88' lang='lat' dir='ltr'><strong>Hoc</strong></span> <span class='ocrx_word' id='word_1_236' title='bbox 927 3460 1113 3539; x_wconf 77' lang='lat' dir='ltr'><strong>intelligitur</strong></span> 
     </span>
    </p>
   </div>
   <div class='ocr_carea' id='block_1_7' title="bbox 0 0 1256 4024">
    <p class='ocr_par' dir='ltr' id='par_1_11' title="bbox 0 0 1256 4024">
     <span class='ocr_line' id='line_1_35' title="bbox 0 0 1256 4024; baseline 0 0"><span class='ocrx_word' id='word_1_237' title='bbox 0 0 1256 4024; x_wconf 95' lang='lat' dir='ltr'><strong> </strong></span> 
     </span>
    </p>
   </div>
  </div>
 </body>
</html>
