2476 4022
203 234 241 292 49
409 241 738 294 msr1rurronesion1s
760 237 914 286 onuouron

203 385 362 464 ordinarii,
379 385 479 448 sedin
494 402 596 446 suum.
615 384 705 448 Ratio
720 382 884 446 dubitandi
899 386 945 446 est
956 381 1127 462 qnia'l'rid.

202 483 277 547 dicit
293 503 299 544 :
322 505 337 540 o
350 485 388 544 ut
401 483 433 544 in
447 481 589 562 personis
604 481 707 542 eidem
721 480 879 541 ordinario
894 479 1046 560 subjectis
1060 485 1130 539 tan-

200 581 277 640 tum.
294 601 308 638 n
329 580 391 643 Sed
406 578 533 640 evidens
548 582 595 640 est
609 578 694 640 Trid.
712 595 812 653 mens,
825 577 909 656 quod
921 576 963 638 ibi
974 576 1130 656 intelligat

200 676 342 738 subditos
357 695 414 738 nec
429 675 579 738 ordinarii
593 674 665 752 loci,
682 692 740 736 nec
756 673 904 736 ordinarii
920 673 1059 752 episcopi
1075 691 1130 752 ge-

200 773 296 836 tentis
323 771 528 853 pontificalia3
552 791 615 834 non
634 789 708 832 vero
727 771 872 851 intelligit
889 771 1030 832 subditos
1050 768 1128 848 cpis-

200 870 270 947 copi
297 869 479 944 exercentis,
504 868 554 928 vel
577 867 715 947 episcopi
739 886 796 928 seu
819 867 968 929 ordinarii
990 867 1064 928 loci.
1097 865 1128 928 Si

200 965 283 1025 enim
296 965 368 1026 licet
382 981 454 1025 cum
469 963 618 1024 ordinarii
631 965 757 1026 lieentia
772 983 917 1026 exercere
937 963 1129 1042 pontificalia

199 1063 231 1122 in
258 1063 399 1125 subditos
421 1081 483 1124 non
507 1080 598 1138 suos,
623 1067 740 1142 quantu
763 1063 864 1141 magis
886 1061 918 1122 in
941 1060 1035 1122 suos?
1057 1062 1127 1122 Uno

198 1158 307 1235 verbo,
323 1159 408 1221 rrid.
424 1158 491 1219 vult
505 1161 539 1220 ut
552 1156 633 1220 adsit
647 1157 817 1220 auctoritas
829 1156 882 1218 uhi
894 1159 925 1218 et
934 1155 966 1216 in
977 1173 1128 1234 personas

198 1253 283 1316 cirea
296 1273 374 1335 quas
389 1259 574 1315 exercentur
586 1253 787 1333 pontificalia,
805 1253 855 1314 vel
871 1249 1060 1330 originaria,
1077 1249 1128 1311 vel

198 1345 353 1428 delegata,
370 1353 402 1409 et
415 1365 476 1408 uon
491 1345 531 1410 sit
544 1346 667 1406 animus
682 1344 865 1424 usurpandi«
926 1379 929 1386 ,

557 1579 704 1630 carrada.
719 1578 762 1629 ΙΙΙ.
812 1590 814 1594 ’

502 1748 541 1787 DE
563 1747 814 1788 aucuauls‘rln.

234 1935 259 1994 Ι.
275 1931 365 1994 Viros
386 1931 549 2009 theologos
569 1930 667 1992 latere
689 1929 799 2010 nequit
819 1929 976 2010 quomodo
999 1927 1124 1990 Eucha·
1214 1991 1215 1994 ,

195 2027 283 2090 ristia
297 2046 316 2088 a
329 2026 450 2088 caeteris
471 2027 676 2087 sacramentis
698 2024 902 2104 distinguitur
919 2026 950 2086 in
971 2043 1007 2086 ec
1023 2024 1120 2105 quod,

195 2139 292 2201 quum
313 2127 427 2182 caetere
448 2125 646 2181 sacramente
665 2122 739 2181 tunc
763 2121 839 2180 fiant
863 2119 990 2199 quando
1011 2117 1123 2178 minis·
1214 2117 1215 2200 J

194 2219 317 2279 trantur
332 2215 522 2297 (immediate
537 2215 621 2275 enim
635 2214 777 2276 afficiunt
790 2215 967 2295 subjectum
986 2213 1070 2293 quod
1086 2231 1124 2274 ea
1214 2203 1215 2208 ’

194 2309 337 2389 percipit)
352 2310 413 2370 hoc
427 2326 536 2383 unum,
550 2326 647 2387 quum
660 2307 777 2370 afficiet
790 2309 970 2370 immediate
985 2310 1124 2370 elemen-

193 2409 261 2468 tum
276 2405 315 2464 de
330 2406 391 2483 quo
407 2409 638 2465 sacramentum
652 2405 696 2480 fit,
710 2408 783 2468 ante
798 2404 901 2466 existit
915 2423 1010 2484 quam
1025 2403 1123 2464 admi·

193 2501 352 2562 nistretur.
376 2499 455 2560 Nam
480 2500 619 2576 Christus
640 2519 678 2588 eo
698 2500 812 2564 direxit
834 2503 1005 2564 salutarem
1027 2501 1123 2582 hujus

193 2593 380 2654 sacrementi
405 2594 631 2656 institutionem
652 2600 687 2658 ut
708 2597 836 2676 quidam
858 2596 964 2675 cibus,
992 2597 1121 2679 quidam

191 2693 284 2771 potus
298 2692 464 2769 pararetur
476 2691 632 2767 fidelihus,
650 2691 702 2772 qui
718 2692 750 2753 id
765 2696 930 2770 praestaret
944 2693 1016 2756 vitae
1032 2692 1122 2770 spiri·

191 2787 280 2862 tuali,
293 2785 378 2866 quod
393 2786 544 2848 naturalis
558 2787 647 2847 cibus
658 2791 690 2849 et
699 2792 791 2866 potus
805 2789 926 2850 confert
939 2787 1119 2866 temporali.

192 2882 255 2946 Sed
270 2882 331 2943 cibi
346 2885 377 2944 et
390 2884 481 2960 potus
497 2883 566 2945 talis
581 2890 701 2944 neturee
716 2891 773 2961 est,
786 2885 861 2945 utin
877 2903 910 2946 se
925 2884 987 2945 sint
1000 2881 1121 2963 aliquid

191 2986 264 3044 ante
285 2979 448 3041 hominum
469 2980 690 3058 sumptionem,
712 2985 743 3043 et
763 2981 896 3061 proinde
917 2980 984 3042 sine
1004 2981 1073 3058 ipsa
1088 2983 1120 3042 et

191 3085 264 3138 ente
283 3077 385 3154 ipsam
413 3074 640 3154 concipiantur.
666 3078 749 3156 Ergo
773 3067 849 3138 dum
874 3083 989 3139 caetere
1012 3093 1120 3138 sacra-

190 3174 296 3231 menta
310 3174 494 3249 prosecutus
504 3191 573 3231 sum
583 3173 781 3250 perpendens
796 3173 955 3251 publicam
969 3169 1117 3232 Ecclesiae

191 3267 398 3328 oeconomiam
418 3268 450 3328 in
472 3268 655 3329 eorumdem
677 3268 965 3344 administratione,
988 3268 1039 3328 hio
1063 3267 1117 3328 aii-

190 3361 372 3442 quantisper
393 3363 557 3452 impnuteto
586 3363 696 3425 ordino
719 3381 847 3426 neeesse
875 3364 934 3426 erit
957 3365 992 3426 ut
1014 3365 1116 3443 primo

190 3457 365 3538 expendam
387 3458 546 3537 publicam
569 3459 716 3522 Ecclesiae
741 3455 950 3522 oeconomiam
971 3463 1002 3523 et
1025 3458 1116 3520 disci·
