2504 4024
394 310 433 352 on
455 306 581 354 cornero
601 308 683 354 sums
705 307 858 355 ciuourcr.
1036 301 1093 358 125

164 453 303 534 quodam
318 449 526 512 determinato
539 452 680 529 tempore
694 442 875 526 amandum,
891 453 944 512 sed
960 471 1033 514 oum
1046 454 1095 514 in-

164 548 286 609 dust-ria
307 537 442 608 naturali
464 549 619 619 removet,
643 550 675 604 et
694 544 849 606 abstrahit
870 546 909 606 ab
933 551 1018 610 omui
1040 550 1093 611 illo

165 643 251 722 quod
273 646 380 721 posset
401 658 551 717 amorem,
577 639 672 700 etiam
694 639 799 717 quoad
822 639 950 718 aliquod
970 645 1094 723 tempus

163 757 340 814 removere,
363 741 394 824 et
418 736 597 797 considerat
617 734 775 821 objectum
797 738 948 814 tanquam
970 756 1095 819 semper

165 832 347 892 amandum.

205 927 295 988 Adde
310 926 395 1005 quod
408 925 493 986 solus
507 925 602 986 timor
615 925 849 1002 separationisa
862 925 962 988 libero
977 916 1009 987 et
1023 944 1095 987 con-

164 1020 317 1082 fidentiali
332 1019 487 1080 consortio
503 1026 691 1080 removeret:

206 1115 420 1177 Contrariatur
434 1114 529 1174 etiam
544 1113 631 1176 alteri
646 1115 711 1191 fini,
725 1108 872 1178 videlicet
884 1117 1094 1194 procreationi

165 1211 292 1286 sobolis,
315 1210 389 1288 quia
409 1209 564 1288 polyviria
582 1208 759 1272 infaecunda
780 1216 837 1286 est,
862 1215 893 1272 et
912 1211 1016 1272 reddit
1037 1211 1096 1271 du-

164 1307 250 1367 biam
263 1305 447 1366 filiationem
459 1326 466 1379 ;
482 1304 663 1384 polygamia
677 1308 782 1366 autem
796 1304 980 1383 inquietam.

206 1401 326 1463 Salutio
342 1419 404 1461 non
419 1404 521 1479 potest
535 1399 708 1462 consociari
724 1417 795 1461 cum
811 1399 1014 1461 relationibus
1029 1417 1096 1460 om-

165 1498 257 1558 nibus
271 1497 442 1558 moralibus
457 1515 527 1578 quaa
541 1497 623 1559 inter
631 1500 778 1575 parentes
789 1502 820 1556 et
833 1496 948 1557 liberos
963 1514 1097 1556 nascun-

165 1599 217 1655 tur
237 1611 294 1672 pro
316 1593 441 1654 illorum
462 1597 549 1654 recta
569 1593 761 1654 institutione
781 1592 912 1670 physica
927 1594 957 1654 et
970 1591 1094 1667 morali,

165 1709 234 1769 quae
256 1683 410 1767 imprimis
431 1688 539 1766 patris,
556 1691 588 1749 et
606 1689 714 1748 matris
734 1689 891 1764 affectum,
907 1688 1038 1768 requirit
1056 1688 1096 1749 ad

164 1787 336 1860 externam,
347 1783 540 1846 etintemam
550 1784 675 1846 familiae
683 1783 847 1846 tuitionem
854 1787 885 1845 et
893 1784 1094 1864 guberuium.

205 1880 367 1960 Completa
380 1897 455 1941 vero
471 1880 669 1955 educatione,
685 1879 760 1957 ipsae
779 1878 947 1940 relationes
961 1878 1096 1940 filiorum

164 1975 197 2036 in
217 1978 365 2053 parentes
386 1978 567 2054 supponunt
588 1973 755 2050 familiam,
778 1973 949 2050 vinculum,
966 1974 1098 2033 societa-

163 2076 229 2134 tem
246 2073 329 2132 inter
347 2090 402 2132 eos
419 2071 603 2149 perdurare.
622 2071 762 2133 Pecudes
781 2088 851 2149 quae
873 2075 946 2130 suut
966 2085 1097 2147 capaces

163 2168 342 2243 instinctus,
359 2185 421 2228 non
435 2167 553 2242 umoris,
567 2185 700 2246 quarum
714 2168 816 2226 mater
830 2163 945 2224 sufficit
958 2163 1097 2241 physicae

163 2261 384 2323 sustentationi
399 2260 544 2336 filiorum,
561 2277 695 2339 quarum
715 2257 819 2335 proles
839 2255 999 2315 moraliter
1012 2255 1098 2315 insti-

163 2355 284 2420 tuenda
311 2373 374 2416 non
401 2358 459 2430 est,
488 2373 546 2415 nec
572 2353 707 2416 morales
736 2370 775 2412 ex
802 2367 911 2411 earum
935 2349 1097 2408 connubiis

164 2452 310 2514 oriuntur
332 2450 516 2527 relationes,
534 2467 597 2510 uon
621 2451 747 2512 servent
767 2465 825 2507 nec
846 2443 1095 2524 monogamiam,

164 2565 223 2607 nec
238 2545 555 2606 indissolubilitatem.

205 2642 290 2718 Ergo
306 2657 343 2698 ex
358 2639 418 2699 hac
431 2638 590 2718 primitiva
604 2635 793 2699 matrimonii
808 2634 1012 2711 institutione,
1027 2651 1097 2713 pos-

164 2751 275 2796 sumus
295 2732 372 2792 illud
391 2732 437 2795 ita
458 2731 635 2793 describere
656 2753 663 2794 :
686 2731 779 2792 Moris
797 2738 825 2792 et
842 2729 970 2810 foeminae
982 2729 1098 2790 societas

165 2828 320 2891 individuo
340 2826 380 2889 ud
399 2827 576 2908 reciprocum
596 2827 664 2888 vitoe
681 2826 806 2887 solamen
827 2833 856 2887 et
873 2825 1098 2905 adjutorium

166 2923 227 2984 Deo
249 2921 336 2981 certis
356 2919 465 3000 leqibus
482 2919 628 2992 instituto,
648 2925 675 2980 et
696 2917 737 3002 od
756 2917 833 2998 filios
856 2914 1050 2997 procreandos
1070 2925 1099 2975 et

165 3015 359 3078 instituendos
372 3014 534 3077 secuudum
545 3013 656 3076 eosdem
675 3013 748 3094 loyes
766 3012 876 3074 directa
894 3017 922 3070 et
940 3008 1096 3070 benedicta.

207 3111 337 3172 Societas
351 3130 364 3172 .·
378 3113 481 3173 Genus
495 3110 682 3190 proximum.
696 3107 879 3188 Ccnjunotio
894 3104 1031 3184 plurium
1046 3122 1097 3164 en-

118 3219 121 3226 '
166 3208 245 3270 tium
257 3208 429 3269 liberorum
444 3207 476 3267 in
490 3209 584 3267 finem
600 3205 809 3268 communem.

207 3303 301 3364 Moris
315 3310 344 3364 et
357 3303 493 3383 soeroiooe.
510 3336 551 3348 -
566 3302 759 3380 subjectum,
775 3317 831 3359 seu
845 3297 988 3358 membra
1002 3298 1098 3359 socie·
1115 3303 1116 3306 ’
1162 3311 1166 3318 ’

167 3400 251 3476 tatis,
275 3400 440 3468 diversitas
460 3417 592 3462 sexuum
614 3401 646 3460 et
666 3391 768 3458 unitas
791 3413 847 3456 seu
870 3396 1044 3457 moncviria
1068 3399 1099 3457 et

168 3497 380 3576 monogamia.
