2504 4024
163 289 220 346 lea
368 295 596 343 rusurrurrouus
617 295 700 342 ruurs
722 294 877 342 usnemun

520 465 666 516 GlPl‘llll..
686 465 729 515 vl.

376 615 414 654 nn
432 613 645 654 sucnsuuuro
667 610 878 652 usrn1uon11.

201 728 237 787 ln
259 726 415 805 duplicem
436 730 559 804 partem
582 722 731 786 dividitur
750 726 903 788 traotaius
924 724 963 786 de
983 724 1099 796 matri-

162 821 267 883 monio
285 839 292 881 :
309 837 422 897 nempe
773 828 777 836 '

204 920 233 977 10
247 918 282 977 ln
298 913 492 976 Generalem.
508 915 539 975 et
552 915 583 974 2⁰
599 910 785 991 specialem.

203 1012 232 1069 10
246 1010 322 1082 Pars
341 1009 415 1085 agei
432 1005 471 1064 de
489 1002 679 1066 matrimonii
697 1009 824 1078 natura,
841 1007 873 1063 et
885 1002 1097 1066 relationibus

162 1104 228 1165 sive
243 1100 283 1162 ad
298 1101 541 1162 ecelesiasticam
555 1098 620 1160 sive
635 1097 676 1157 ed
691 1097 813 1158 oivilem
827 1097 1018 1162 societatem.

201 1203 232 1260 2·
247 1200 324 1258 Pars
337 1197 410 1276 aget
422 1216 428 1260 :
442 1200 472 1257 10
487 1196 526 1256 de
541 1194 706 1274 discipline
719 1195 864 1256 lleelesiae
878 1196 911 1256 in
926 1196 1034 1257 ordine
1049 1197 1095 1257 ad

162 1293 396 1355 matrimonium
410 1291 660 1354 contrahendum
673 1310 681 1363 ;
701 1295 732 1352 2⁰
747 1290 780 1352 in
799 1290 908 1352 ordine
923 1292 965 1354 ad
984 1293 1096 1354 mairi-

162 1389 303 1451 monium
317 1392 520 1450 eontraetum.

372 1551 441 1602 Pars
451 1548 552 1616 prima,
565 1549 624 1601 sive
636 1549 705 1601 Pars
722 1547 871 1614 ponendis.
945 1595 947 1600 ,

203 1673 233 1730 10
247 1669 291 1728 De
307 1670 419 1730 natura
432 1665 622 1728 matrimonii
634 1685 641 1738 ;
663 1670 695 1727 2⁰
710 1666 749 1727 de
768 1665 971 1727 relationibus
985 1668 1096 1730 matri-

161 1763 258 1825 monii
271 1763 312 1824 ad
327 1762 449 1824 oivilem
464 1766 496 1824 et
509 1760 751 1823 ecelesiasticam
766 1761 959 1824 societatem.

388 1961 393 1970 ¹
452 1901 523 1945 A.n1
538 1912 633 1946 irruas
649 1912 801 1947 ulrnruouu.

201 2005 318 2063 Natura
340 2000 529 2063 matrimonii
554 2000 745 2062 considerari
770 2005 871 2079 potest
894 2001 953 2062 suh
976 2001 1092 2081 triplici

123 2132 132 2152 .
161 2102 315 2177 aspectu:
537 2159 541 2165 ,

202 2195 233 2252 10
258 2193 293 2252 ln
313 2191 465 2272 primaeva
484 2210 542 2253 sua
560 2191 774 2268 institutione,
799 2191 922 2271 integra
944 2195 1091 2254 manente

161 2286 295 2349 hominis
311 2294 433 2348 natura.
514 2366 516 2370 .

200 2387 232 2444 2⁰
251 2385 277 2444 A
294 2385 384 2462 lapsu
404 2383 496 2462 primi
515 2380 650 2444 hominis
672 2381 712 2443 ad
731 2381 900 2460 Christum,
917 2382 968 2444 rel
986 2382 1019 2445 in
1034 2401 1092 2445 sua

162 2479 398 2558 degradatione.

201 2576 233 2633 3⁰
246 2576 291 2642 De
305 2573 427 2635 Christo
442 2573 483 2634 ad
497 2590 555 2635 nos
567 2606 608 2618 -
621 2575 676 2635 aut
692 2573 725 2633 in
739 2589 797 2634 sua
810 2572 1048 2636 restauratione.

446 2713 467 2757 1.
479 2715 511 2758 lle
521 2715 655 2760 institutione
666 2714 808 2760 matrimonii.

147 2785 150 2790 ⁵
200 2812 224 2873 1.
240 2809 356 2873 Nullibi
370 2810 481 2872 melius
495 2811 733 2892 deprehendere
746 2815 912 2892 possumus
927 2811 1092 2876 institutio·

161 2926 233 2970 nem
247 2906 435 2970 matrimonii
449 2924 545 2987 quam
559 2907 591 2968 in
607 2907 729 2984 Genesi,
741 2907 796 2970 uhi
809 2911 938 2986 praestat
952 2907 1089 2968 historia

160 3008 329 3084 veracitas,
350 3008 382 3069 et
399 3005 477 3069 fides
497 3006 610 3070 divinae
628 3004 825 3086 inspirationi
844 3006 952 3069 debita
969 3006 1091 3082 inveni-

160 3111 222 3166 tur.

201 3167 291 3276 Gen,
308 3215 343 3277 11,
362 3201 418 3260 l8:
434 3195 523 3258 Dixit
534 3195 613 3258 Deus
627 3217 639 3258 .·
654 3197 722 3259 Non
741 3203 784 3258 est
803 3195 907 3257 bouum
925 3215 983 3258 esse
999 3197 1093 3260 dorni·

160 3311 224 3352 nem
239 3293 331 3353 solum
341 3313 355 3372 ,·
375 3293 518 3372 sociamus
531 3292 559 3353 ei
570 3292 750 3371 adjutorium
763 3290 856 3352 simile
873 3291 929 3352 sibi
931 3335 992 3354 .....
1001 3312 1014 3370 ,·
1035 3293 1091 3354 im-

160 3386 239 3446 misit
252 3405 319 3466 erqo
335 3387 410 3448 Deus
423 3405 553 3466 soporem
573 3389 604 3446 in
623 3386 742 3462 Adam,·
754 3403 877 3466 eumque
891 3373 1087 3464 obdormisset,

162 3484 230 3545 tulit
251 3502 338 3544 unam
357 3483 392 3544 de
411 3483 493 3546 costis
511 3484 583 3564 ejua
606 3495 634 3545 ei
654 3483 778 3564 replevit
794 3501 910 3545 carnem
927 3501 982 3564 pro
1001 3503 1047 3558 eo,
1062 3494 1093 3546 et
