2548 4020
369 327 407 373 on
429 326 557 374 obsecro
577 327 659 373 roms
681 327 835 375 cluonrcn
1009 319 1065 379 l85

170 474 235 538 Sed
249 472 354 553 posito
368 471 451 534 facto
465 471 611 534 Ecclesiae
625 470 802 532 inducentis
812 477 886 535 vote
899 475 1063 554 solemnio,

132 575 307 634 noscuntur
321 570 468 650 quiedam
482 569 643 647 graviores
652 568 858 649 obligationes
877 574 908 632 et
927 571 1066 636 firmiora

131 667 259 730 vincula
279 683 336 744 pro
352 665 534 726 solemniter
547 665 744 742 voventibus,
763 683 832 744 quoe
849 665 1067 729 desiderantur

131 765 162 825 in
186 763 271 824 votis
292 761 505 842 simplicibus;
531 761 677 841 quaedem
698 760 868 823 intrinsece
891 761 1067 825 differentia

131 859 215 921 inter
229 861 377 920 votorum
391 858 607 937 obligationes,
625 860 656 919 et
671 857 818 937 quiedam
832 856 1009 918 differentis
1022 858 1066 918 in·

131 959 180 1017 ter
190 953 273 1035 juris
288 955 417 1014 effectus
430 955 463 1014 in
474 953 583 1015 ordine
594 953 635 1013 ad
647 956 808 1028 voventeS,
820 971 890 1034 quae
902 956 974 1015 ente
987 953 1068 1014 hono

132 1048 282 1111 llcclesiae
298 1049 552 1111 constitutionem
566 1065 629 1108 non
644 1048 786 1111 ederent.

172 1148 250 1207 Haec
265 1149 371 1208 eutem
385 1145 519 1207 validior
533 1145 692 1226 obligatio,
705 1147 894 1208 hocfirmius
909 1146 1069 1209 vinculum

133 1242 165 1300 in
179 1241 263 1303 votis
278 1240 469 1302 solemnibus
482 1259 520 1301 ex
531 1239 647 1321 duplici
662 1241 835 1320 praesertim
850 1241 950 1319 eapite
966 1247 1068 1304 ortum

135 1343 212 1417 puto
231 1357 238 1399 :

175 1439 207 1497 l⁰
218 1435 299 1508 Quia
311 1435 344 1494 in
359 1434 439 1496 votis
453 1433 645 1494 solemnibus
661 1432 816 1514 judicium
832 1434 1001 1497 intervenit
1014 1436 1071 1498 Eo·

135 1529 251 1605 clesiae,
267 1529 351 1609 qood
361 1529 487 1589 illorum
501 1526 661 1607 objectum
676 1528 845 1589 constituet
856 1527 960 1589 bonum
971 1529 1072 1590 melius

133 1624 271 1706 possibile
285 1643 341 1703 pro
357 1625 539 1698 individuo;
557 1641 619 1684 nou
634 1623 678 1684 sic
693 1628 798 1687 eutem
811 1625 843 1685 in
858 1626 938 1686 votis
953 1625 1072 1706 simpli-

136 1723 238 1799 cibus,
255 1722 310 1783 ubi
322 1721 449 1782 illorum
464 1721 624 1801 objectum
639 1725 686 1783 est
699 1722 827 1801 quidem
841 1722 943 1783 melius
957 1726 989 1785 et
1005 1742 1073 1803 pos-

135 1819 218 1880 sibile
231 1819 265 1879 in
279 1819 454 1893 abstract03
467 1819 523 1880 sed
533 1818 635 1879 solum
647 1818 765 1899 judicio
775 1818 930 1881 individui
944 1821 1070 1899 privati,

136 1915 188 1976 vel
202 1914 399 1975 secundariae
413 1913 546 1993 alicujus
561 1914 753 1976 auctoritatis
770 1915 909 1976 creditur
927 1914 1027 1976 melios
1042 1922 1074 1976 et

134 2010 271 2092 possibile
285 2011 379 2071 etiam
389 2029 445 2090 pro
456 2010 628 2077 individuo.
642 2011 717 2070 Inde
729 2011 880 2090 perfectio
891 2012 1018 2074 moralis
1027 2013 1073 2074 in-

136 2109 260 2172 dividui
269 2112 372 2188 potest
381 2109 509 2188 quidem
520 2127 587 2170 esse
597 2109 1000 2187 rationemdispensationis
1009 2112 1073 2174 voti

136 2205 298 2286 simplicis,
323 2224 385 2267 non
406 2206 452 2267 sio
471 2210 578 2268 autem
598 2208 631 2268 in
651 2210 724 2268 voto
744 2206 887 2283 solemni,
910 2226 1073 2288 quousque

135 2303 337 2365 individuum
351 2303 410 2364 sub
424 2303 535 2383 regula
548 2302 602 2364 ille
616 2317 711 2383 quem
726 2301 885 2382 protessus
901 2309 958 2380 est,
975 2305 1074 2366 conti-

137 2404 243 2462 netur.
798 2442 806 2456 .

179 2496 272 2560 Unde
287 2495 368 2558 solvi
380 2496 482 2558 solent
495 2498 569 2557 vote
583 2494 746 2572 solemnio,
762 2494 812 2556 vel
827 2512 898 2554 cum
913 2494 1074 2575 elangues-

136 2594 179 2657 cit
188 2593 304 2673 regula·
310 2596 342 2654 et
350 2592 557 2654 immutentur
567 2609 675 2653 omnes
687 2591 928 2654 circumstantiae
940 2610 1074 2674 querum

138 2690 285 2767 respectu
296 2686 475 2767 judicatum
490 2689 538 2747 est
551 2684 590 2746 eb
606 2685 745 2748 Ecclesia
763 2685 840 2748 illud
860 2689 907 2748 est
925 2687 1025 2748 melios
1044 2693 1091 2751 et-

136 2781 274 2864 possib'le
295 2800 352 2862 pro
376 2781 558 2855 individuo;
581 2784 615 2842 ut
637 2781 752 2844 eccidit
772 2782 804 2843 in
832 2785 1072 2862 suppressione,

138 2879 189 2939 vel
204 2877 399 2957 dispersione
413 2877 465 2938 vel
478 2878 701 2956 languescente
716 2877 826 2958 regule
843 2879 1072 2957 religiosorum,

138 2978 194 3036 aut
224 2973 351 3053 quondo
378 2973 507 3054 aliquod
534 2975 652 3035 bonum
681 2977 865 3035 extraneum
890 2972 1076 3052 perfectioni

138 3069 252 3131 morali
280 3070 433 3132 individui
463 3073 554 3149 urget
581 3073 690 3131 votum
714 3071 812 3142 solvi;
842 3072 935 3148 prout
963 3068 1076 3131 eccidit

139 3185 214 3228 cum
232 3167 265 3228 id
288 3167 425 3245 postulet
444 3166 494 3226 vel
513 3166 631 3227 bonum
650 3166 789 3245 physicae
809 3164 1009 3240 valetudinis,
1026 3163 1076 3225 vel

138 3265 260 3326 bonum
276 3263 413 3339 familiae,
430 3262 479 3324 vel
495 3263 595 3346 regni,
612 3261 663 3323 vel
676 3261 834 3343 Ecclesiae.

181 3358 273 3421 Unde
295 3375 365 3418 oum
387 3363 494 3418 votum
515 3357 653 3417 solemne
679 3375 718 3416 ex
740 3354 887 3417 Ecclesiee
904 3354 1024 3437 judicio
1046 3363 1077 3420 et

142 3454 340 3530 auctoritate,
366 3456 450 3515 certe
473 3455 513 3515 sit
532 3454 637 3512 retum
658 3453 741 3531 apud
766 3454 876 3528 Deum,
900 3456 931 3514 et
950 3452 1076 3532 publico

140 3546 290 3608 Ecclesiae
310 3545 430 3627 judicio
458 3547 703 3625 recognoscetur
726 3549 761 3609 ut
786 3545 860 3624 tele,
890 3546 1077 3610 determinet
