2504 4024
388 303 426 346 nu
448 301 576 348 cursuro
596 303 679 350 rums
702 303 857 351 elocutor.
1030 295 1086 354 tat

153 465 291 523 servare,
309 448 363 526 qui
377 446 582 508 essentialiter
595 445 639 507 illi
657 451 730 508 sunt
748 448 906 510 constituti
926 467 964 510 ax
979 450 1087 511 condi-

152 544 236 604 tione
267 542 361 623 hujus
387 542 522 603 hominis
550 543 582 602 iu
610 545 756 604 concreto
784 545 1086 620 spectationem

152 641 248 702 tinem
258 637 433 699 communis
443 637 600 699 felicitatis
610 638 767 700 conducit.
781 637 813 700 Si
830 638 881 699 hic
895 639 989 701 homo
1000 659 1086 720 mere

153 734 306 798 naturalis
320 735 369 810 sit,
385 737 460 796 tune
475 734 570 795 debet
583 735 721 812 incipere
735 735 892 813 imperare
907 735 961 796 ubi
975 737 1088 800 desinit

154 819 286 904 natura;
309 831 335 890 si
353 831 411 891 hos
428 829 543 892 limites
562 829 668 906 violet,
682 829 734 910 jus
749 831 892 892 naturale
906 831 1036 894 invadit.
1055 835 1087 896 Si

153 927 203 986 hic
218 926 313 986 homo
328 943 423 1004 supra
437 930 583 986 naturam
601 925 740 986 elevatus
759 929 817 1001 est,
832 929 907 987 tuuc
927 925 1022 988 debet
1040 927 1087 987 iu-

154 1022 258 1100 cipere
274 1020 327 1081 uhi
342 1020 457 1082 desinit
469 1021 620 1098 Ecclesia,
633 1039 672 1081 ue
683 1020 828 1082 ultimum
843 1020 977 1082 hominis
991 1021 1087 1082 finem

140 1110 261 1204 'violetj
277 1123 309 1181 et
330 1136 402 1180 cum
423 1137 461 1180 eo
480 1120 582 1198 ipsam
600 1121 736 1182 hominis
754 1126 910 1196 naturam,
924 1120 977 1200 jus
998 1124 1088 1184 natu-

155 1217 230 1287 rale,
248 1234 318 1295 quae
333 1216 430 1276 semel
444 1215 485 1275 ad
503 1215 647 1276 ordinem
664 1215 936 1294 supernaturalem
951 1217 1085 1293 elevata,

155 1313 240 1374 velut
253 1317 400 1392 separata
412 1313 539 1374 realiter
553 1330 617 1373 uon
630 1314 762 1390 possunt
776 1311 980 1374 considerari.

362 1477 395 1544 Dc
404 1479 508 1522 limitibus
519 1477 631 1534 utriusque
638 1476 755 1535 potestatis
766 1478 789 1520 ia
800 1476 878 1533 apetie.

193 1608 241 1667 lta
255 1604 429 1666 constitutis
444 1603 475 1664 in
487 1621 603 1683 genere
616 1602 767 1664 limitibus
782 1599 975 1664 auctoritatis
990 1603 1086 1664 eccle-

155 1701 286 1763 siastica
303 1701 334 1762 et
350 1699 460 1775 civilis,
476 1699 509 1759 in
522 1698 730 1760 matrimoniis
744 1698 999 1773 christianorum,
1016 1698 1087 1759 des-

156 1799 291 1860 cendere
305 1799 428 1876 oportet
442 1795 482 1856 ad
497 1794 710 1874 particularia.

194 1891 275 1964 Quid
288 1893 321 1951 iu
336 1889 441 1969 specie
455 1892 559 1968 potest
572 1889 736 1950 Ecclesia?

193 1987 275 2060 Quid
290 1987 322 2047 in
336 1986 439 2064 specie
454 1990 558 2065 potest
570 1983 742 2065 princeps?

193 2084 273 2144 Xlll.
292 2081 372 2154 Quid
387 2081 418 2141 iu
433 2083 539 2162 specie
554 2085 656 2160 potest
665 2079 816 2141 Ecclesia.
830 2083 861 2141 l⁰
872 2080 979 2142 Omnis
993 2081 1088 2162 legis-

154 2179 227 2242 latio
248 2177 428 2259 dogmatica
448 2179 487 2238 de
505 2176 705 2240 matrimonio
725 2175 791 2238 sive
814 2194 876 2255 qua
894 2181 1084 2254 contractus,

155 2279 218 2338 sive
234 2295 297 2357 qua
311 2280 543 2337 sacramentum
554 2279 611 2352 est,
624 2275 664 2334 ab
679 2272 818 2334 Ecclesia
832 2275 965 2352 proponi
980 2274 1086 2349 debet,

155 2368 320 2445 declarari,
332 2371 365 2430 et
376 2385 449 2429 cum
460 2368 540 2448 juris
555 2366 651 2428 divini
666 2365 716 2443 sit,
729 2383 790 2426 uon
802 2368 905 2445 potest
914 2364 1085 2443 immutari,

154 2465 198 2528 ita
210 2469 247 2526 ut
261 2465 310 2525 vel
323 2467 503 2526 contractus
522 2464 673 2525 naturalis
692 2481 754 2525 uon
773 2463 813 2525 sit
831 2461 882 2523 ille
903 2461 955 2542 qui
975 2466 1089 2522 natura

156 2565 203 2624 est
225 2562 430 2638 const’tutus‚
456 2560 508 2621 vel
530 2560 718 2622 sacramenti
745 2560 896 2637 materia,
926 2559 1084 2636 minister,

155 2659 341 2735 formastis
355 2657 444 2720 sitab
459 2675 497 2719 aa
511 2676 581 2737 quaa
593 2657 665 2738 jure
681 2657 786 2720 divino
802 2657 1011 2720 determinata
1026 2661 1084 2720 est.

155 2867 228 2910 oum
251 2847 429 2908 christianis
452 2847 622 2926 applicare,
648 2851 683 2909 ut
704 2849 892 2910 contrahant
912 2848 1016 2927 prouti
1034 2837 1088 2926 jus

155 2943 297 3005 divinum
312 2943 418 3024 exigit,
430 2944 480 3005 vel
493 2945 526 3004 in
541 2943 651 3005 ordine
662 2943 702 3004 ad
717 2947 923 3018 contractum,
935 2943 986 3003 vel
996 2942 1028 3000 in
1039 2959 1087 3002 or-

155 3039 226 3101 dine
244 3041 285 3101 ad
304 3044 546 3102 sacramentum.
564 3039 763 3102 Gouditioues
782 3041 878 3122 igitur
898 3036 1087 3098 determina-

154 3137 199 3200 hit
225 3137 340 3218 quihus
363 3137 415 3198 hio
442 3141 620 3201 contractus
647 3137 730 3213 iniri,
757 3140 788 3198 et
811 3153 883 3196 oum
906 3152 943 3196 eo
968 3133 1088 3212 suscipi

156 3235 270 3298 debeat
292 3237 535 3310 sacramentum,
563 3233 677 3314 quihus
704 3251 767 3294 uon
795 3232 937 3308 servatis,
968 3229 1086 3307 illicite,

156 3331 325 3411 aliquando
342 3331 479 3394 invalide
495 3332 551 3392 liat
569 3331 638 3410 ipsa
656 3330 844 3391 sacramenti
861 3328 1018 3408 susceptio
1039 3327 1089 3390 vel

158 3429 347 3488 contractus.

194 3524 312 3584 Praeter
326 3520 521 3586 conditiones
533 3521 603 3616 Jure
614 3517 749 3581 naturali
760 3523 791 3578 et
805 3518 910 3582 divino
924 3513 1091 3596 requisitas
