2476 4022
430 303 470 347 nu
491 301 619 350 omnmo
640 303 721 349 rums
742 303 897 350 cruorum.
1089 293 1126 352 13

172 445 396 522 christianos,
413 445 475 507 alia
489 451 562 507 sunt
576 465 646 525 quae
664 445 782 510 habent
800 439 941 508 ordinem
960 446 1129 509 necessita-

172 540 247 617 tis,
270 541 328 602 alia
341 560 415 602 roro
430 561 500 622 quae
515 549 642 604 servant
656 543 798 604 ordinem
808 561 896 622 purae
906 544 1127 624 contingentia

176 655 277 716 erga
298 640 402 698 linem.
429 637 551 701 Habent
574 639 717 700 ordinem
741 658 828 717 purae
852 639 1071 718 contingentiae
1094 641 1127 702 in

178 734 307 795 ordine
328 734 369 794 ad
387 734 457 794 finis
476 734 716 810 assecutionem,
734 753 772 796 ea
786 739 981 810 sacramenta
995 755 1065 817 quae
1079 739 1128 800 di·

179 830 313 890 rectius
327 835 359 890 et
373 829 573 908 principalius
585 848 642 911 pro
654 831 736 890 hono
746 832 841 893 totius
855 831 1011 893 societatis
1026 833 1128 894 eccle·

183 927 330 988 siasticae
345 944 441 1006 quam
456 942 512 1004 pro
527 925 610 988 bono
625 926 821 1005 singulorum
837 927 991 989 fuerunta
1005 927 1126 989 Christo

183 1019 495 1094 instituta.‘0uare‚
524 1019 698 1098 generatim
725 1019 901 1099 loquendo,
930 1019 1126 1081 individuum

185 1117 262 1177 sine
278 1134 334 1177 suo
348 1114 476 1193 speciali
496 1115 611 1176 damno
627 1115 667 1176 ab
686 1115 723 1175 iis
742 1119 844 1193 potest
862 1115 1029 1178 abstinere.
1048 1117 1128 1178 Sunt

186 1211 263 1272 haec
283 1212 481 1271 sacramento
501 1209 575 1286 duo,
594 1227 706 1287 nempe
728 1210 805 1271 ordo
827 1217 859 1271 et
878 1211 1124 1287 matrimonium,

189 1324 332 1387 quorum
346 1304 425 1367 alter
438 1304 598 1367 institutus
612 1308 659 1367 cst
675 1311 711 1366 ut
725 1305 865 1367 Ecclesia
880 1324 917 1366 ex
932 1312 1020 1384 parte
1035 1305 1128 1384 apiri-

189 1401 284 1477 tuali‚
310 1400 445 1461 alterum
467 1416 542 1460 vero
565 1417 604 1459 ex
628 1402 716 1478 parte
744 1414 896 1476 corporea
919 1401 949 1460 et
973 1397 1126 1460 materiali

191 1498 437 1577 propagaretur.

235 1594 303 1665 Quo
318 1595 354 1653 fit
366 1591 407 1652 ab
421 1590 562 1652 Ecclesia
575 1591 731 1651 neminem
744 1590 814 1669 cogi
828 1589 869 1650 ad
888 1589 1073 1651 alterutrum
1088 1607 1127 1650 ex

192 1689 244 1750 his
259 1686 463 1748 sacramentis
477 1684 707 1765 recipiendum3
724 1686 764 1746 ab
774 1679 914 1746 Ecclesia
928 1684 1062 1746 aliorum
1076 1703 1127 1746 sa·

193 1787 429 1844 crementorum
450 1782 681 1861 susceptionem
702 1781 800 1843 foveri
822 1785 853 1844 et
874 1781 994 1860 urgeri,
1021 1779 1126 1860 quoad

193 1880 265 1940 haec
284 1879 347 1939 duo
366 1879 472 1959 aliqua
492 1877 717 1956 impedimenta
735 1878 850 1955 apponi
865 1895 904 1937 ne
922 1877 1124 1956 recipiantur,

194 1992 295 2055 quum
310 1991 421 2051 nempe
436 1973 542 2034 decori
558 1974 742 2060 sacramenti
759 1977 789 2036 et
801 1974 885 2034 hono
900 1971 1058 2034 societatis
1072 1969 1126 2030 ali-

194 2071 279 2149 quod
296 2070 518 2130 detrimentum
533 2072 638 2146 posset
655 2070 831 2145 imminere,
848 2069 873 2130 si
894 2072 1126 2128 sacramentum

193 2165 298 2243 ipsum
312 2163 533 2240 susciperetur.
551 2164 625 2234 Quae
640 2163 866 2242 impedimenta
883 2161 916 2221 in
935 2178 1030 2222 causa
1045 2157 1127 2220 ordi·

194 2255 243 2316 nis
259 2255 339 2316 sacri
353 2255 510 2333 singulare
526 2273 639 2315 nomen
655 2255 773 2315 habent
787 2254 819 2314 in
835 2254 907 2334 jure
929 2273 936 2314 :
953 2253 1127 2333 r'rreqalcri-

195 2360 277 2412 tates.
294 2351 452 2413 canonica
466 2351 534 2412 haec
548 2351 772 2430 impedimenta
793 2349 939 2412 ordinum
956 2349 1125 2426 susceptio·

195 2462 269 2506 nem
295 2443 350 2504 aut
377 2443 560 2505 exercitium
588 2444 766 2522 prohibent.
796 2442 1024 2522 impedimenta
1050 2458 1125 2501 vero

194 2539 390 2602 matrimonia
412 2539 555 2618 apposita
574 2539 733 2619 singulare
748 2556 862 2600 nomen
877 2556 938 2600 nou
958 2538 1077 2599 hahent
1094 2535 1126 2595 in

191 2634 274 2714 jure,
298 2635 354 2696 sed
371 2634 606 2714 distinguuntur
623 2636 656 2694 in
677 2634 903 2715 impedimenta
923 2633 1126 2714 impedientia

194 2733 227 2792 et
241 2731 430 2808 dirimente,
446 2749 559 2810 nempe
574 2751 644 2813 qua
659 2733 850 2796 matrimonii
866 2737 1062 2796 contractum
1076 2731 1126 2792 vel

193 2829 336 2891 illicitum
359 2829 410 2890 vel
433 2831 528 2892 etiam
549 2831 672 2893 irritum
698 2833 845 2894 reddunt.
876 2831 1126 2912 Irregularitates

193 2943 279 3000 vero,
297 2927 412 3005 quippe
433 2945 503 3006 quae
526 2944 584 2988 nec
603 2927 737 2988 formam
757 2947 815 2990 nec
833 2929 999 2991 materiam
1020 2941 1127 2986 sacra-

193 3019 291 3079 menti
300 3019 419 3080 ordinis
429 3023 574 3106 tangunt,
587 3021 619 3080 in
629 3021 730 3100 gradu
745 3022 1039 3100 impedimentorum
1051 3017 1127 3076 sim·

193 3115 317 3194 pliciter
328 3116 566 3194 impedientium
580 3117 783 3180 collocantur.

234 3213 345 3274 Cetera
367 3216 565 3274 sacramenta
588 3213 706 3276 habent
733 3214 827 3276 etiam
856 3213 961 3294 quoad
985 3212 1125 3294 singulos

194 3305 337 3367 ordinem
353 3306 546 3370 necessitatis
566 3309 598 3369 in
619 3310 724 3384 finem,
742 3309 795 3369 sed
816 3326 879 3368 non
894 3309 999 3371 omnia
1014 3310 1125 3370 eodem

193 3400 300 3463 modo.
327 3404 406 3463 Nam
425 3403 491 3465 duo
515 3407 588 3466 suut
610 3410 808 3465 sacramenta
828 3423 899 3486 quae
922 3406 1125 3468 intrinsecam

195 3495 304 3560 dicunt
317 3498 534 3562 necessitatem
549 3517 606 3580 pro
621 3500 692 3562 linis
706 3502 913 3585 assecuu'ona
926 3505 970 3566 ita
982 3509 1015 3565 ut
1028 3521 1125 3582 pras-
