2530 4016
404 304 443 348 nn
465 302 593 348 ostrum
613 303 695 350 tunm
717 303 872 351 cruorum.
1043 297 1098 356 301

170 466 229 512 nus
244 447 290 508 sie
305 447 484 526 depositum
498 451 644 510 servetur
657 447 757 508 donee
771 448 919 512 adveniat
932 449 999 513 dtes
1013 455 1101 516 resti·

151 542 309 622 'tutionis
326 563 389 624 qua
406 543 605 620 adveniente,
623 545 676 606 aut
699 541 844 605 mutuum
866 546 1053 628 restituitur,
1070 554 1101 614 et

168 643 283 724 pIgnns
296 641 472 717 redimitur,
482 643 537 702 aut
550 643 695 703 mutuum
709 657 772 701 non
785 639 969 720 restituitur,
987 648 1018 706 et
1031 646 1101 724 pig·
1214 666 1215 670 ¹

169 757 228 802 nus
242 737 454 800 venumdatur
467 736 577 816 quanti
595 736 720 816 plurimi
735 754 792 816 per
806 735 965 816 publicam
984 741 1100 802 auctio-

168 854 253 913 nem,
270 837 304 896 ut
318 852 356 894 ex
371 832 439 912 ejus
453 832 555 913 pretio
570 833 659 896 Mons
672 851 762 896 saner
776 835 893 897 sortem
907 851 997 894 suam
1011 850 1099 895 reon-

168 933 268 1012 peret,
285 930 442 1010 reliquum
455 946 544 1006 vero,
560 928 587 990 si
602 926 686 1009 quo'd
701 931 758 1008 est,
777 930 929 993 reddatur
941 933 1100 995 mutuata·

167 1023 232 1087 riis.
250 1022 308 1085 Hi'u
326 1039 401 1084 vero
417 1021 443 1082 si
456 1021 543 1101 leges
557 1021 748 1083 fundationis
768 1021 881 1084 Montis
896 1022 1023 1086 PIetatis
1036 1024 1098 1088 illm

168 1122 230 1183 sint
243 1119 357 1200 quibus
371 1123 516 1181 mutuum
529 1118 627 1197 gratis
642 1117 769 1180 omnino
784 1120 987 1197 oonoedatur,
1004 1122 1040 1182 ut
1056 1121 1099 1182 niI

167 1218 283 1295 praeter
306 1214 422 1275 sortem
441 1211 640 1273 reddendum
654 1211 705 1288 sit,
726 1210 792 1273 sola
812 1211 927 1277 suffieit
944 1215 1098 1279 restitutio

66 1297 72 1305 ⁸
167 1309 260 1372 sortis
278 1311 415 1388 aceeptae
429 1307 454 1368 si
475 1307 590 1388 pignus
608 1306 647 1370 sit
664 1307 894 1385 redimendum,
913 1314 944 1373 et
957 1310 1000 1370 nil
1021 1329 1100 1391 pree·

167 1410 217 1469 ter
236 1407 353 1467 sortem
379 1403 557 1466 detrahitur
575 1420 613 1463 ex
635 1403 736 1483 pretio
757 1403 898 1484 pignoris
925 1404 1095 1470 divenditI:

134 1505 137 1511 '
168 1503 253 1584 quud
267 1503 411 1582 superest
425 1519 463 1563 ex
475 1499 597 1580 integro
613 1498 787 1562 restituitur
800 1501 1010 1563 mutuatariie.

207 1596 242 1659 Si
264 1613 339 1657 vero
361 1594 480 1675 aitquid
510 1596 625 1672 prester
646 1599 763 1655 sortem
790 1594 1019 1657 restituendum
1046 1597 1096 1672 sit,

167 1697 241 1757 tuno
255 1693 323 1754 sole
336 1691 490 1776 restitutio
504 1690 597 1753 sortis
611 1709 674 1753 non
688 1690 803 1754 suffieit
822 1709 879 1771 pro
893 1692 1033 1772 pignoris
1048 1711 1099 1755 se·

167 1789 368 1869 demptione,
393 1791 424 1850 et
444 1787 563 1868 aliquid
589 1787 672 1851 ultra
694 1791 811 1851 sortem
838 1786 1013 1852 desumitur
1041 1809 1097 1870 pro

166 1884 281 1948 montis
294 1883 501 1948 indemnitate
517 1903 555 1945 ex
568 1884 708 1964 pignoris
722 1884 913 1949 venditione.
931 1887 977 1947 Ne
991 1889 1097 1949 autem

165 1983 235 2062 plus
256 1997 346 2061 aequo
371 1982 486 2059 praeter
515 1983 633 2042 sortem
660 1980 818 2060 exigatur,
848 1981 995 2043 videlieet
1026 1982 1097 2062 plus

166 2094 262 2158 quam
276 2075 488 2138 necessarium
505 2075 545 2137 sit
562 2076 604 2138 ad
623 2075 705 2137 sauri
728 2075 842 2138 montis
864 2077 1096 2154 compensatio-

165 2191 249 2251 nem,
264 2173 382 2254 pIurIes
396 2178 486 2234 'saera
500 2171 624 2234 aoncilii
646 2172 849 2252 congregatio
865 2173 1037 2234 deelaravit
1057 2193 1096 2236 ne

165 2267 247 2331 ultra
261 2283 357 2347 quam
369 2269 461 2329 terna
474 2267 529 2328 aut
544 2269 698 2345 quaterna
717 2283 775 2345 pru
796 2265 936 2346 quolibet
952 2272 1097 2330 oentena-

60 2363 62 2368 '
164 2363 211 2425 rio
239 2363 439 2443 exigeretur..
454 2362 554 2424 Immo
578 2362 672 2426 stetui
692 2363 801 2442 nequit
820 2365 855 2426 ut
877 2362 995 2443 aliquid
1014 2364 1098 2426 ultra

165 2462 281 2522 sortem
303 2458 447 2538 exigetur
469 2460 525 2520 aut
538 2456 607 2537 plus
631 2457 775 2538 exigatur
796 2476 891 2539 quam
912 2461 1096 2522 antea-oon-

164 2555 276 2634 snevit,
289 2553 347 2639 nisi
361 2553 598 2634 priusoonsulta
611 2553 686 2618 sede
702 2555 883 2635 apostoliea.
902 2554 958 2636 (De
974 2557 1093 2636 synod.

163 2650 470 2731 tit.10,o.5‚§t.)

203 2748 235 2807 3ο
262 2746 307 2807 Ne
334 2743 464 2807 demum
491 2761 511 2804 a
537 2742 733 2823 depositarIis
761 2748 793 2808 et
833 2745 983 2811 ministris
1011 2749 1096 2812 sauri

163 2841 294 2919 Montis,
318 2841 369 2902 vel
389 2859 409 2902 e
431 2840 629 2904 mutuatariis
657 2859 730 2905 oum
752 2843 939 2906 detrimento
963 2845 1024 2907 Iooi
1051 2845 1097 2924 pii

162 2938 290 3000 fraudes
304 2937 554 3017 committuntur,
566 2937 658 3018 plura
678 2940 845 3002 salubriter
859 2942 933 3002 sunt
954 2940 1096 3004 instituta

161 3054 218 3116 pro
245 3034 451 3098 indemnitate
487 3053 650 3098 saororum
677 3036 830 3100 Montium
870 3037 995 3117 pietatis
1029 3055 1096 3099 ser-

159 3130 276 3210 vanda,
300 3134 332 3195 et
357 3131 563 3195 severissimis
587 3133 689 3212 poenis
717 3122 934 3212 delinquentes
962 3131 1095 3212 puniun-

161 3229 222 3304 tur,
240 3227 280 3289 de
294 3228 409 3309 quibus
422 3229 488 3310 agit
502 3227 680 3291 constitutio
697 3247 703 3289 :
720 3226 911 3305 Iamdudum,
931 3225 1093 3290 Benedicti

159 3325 240 3403 XIII,
257 3329 289 3390 et
311 3325 350 3389 de
373 3325 487 3407 quibus
510 3326 592 3389 foret
615 3325 775 3406 agendum
804 3327 838 3393 in
863 3314 1003 3390 tractatu.
1022 3343 1095 3406 spe-

162 3419 243 3482 oiaIi.
