2530 4016
191 285 249 346 332
399 293 630 340 1nsr1rur10nns
650 291 734 337 runrs
755 290 910 338 annorum.

190 440 291 502 suevit
314 457 334 499 a
354 436 466 500 mediae
488 435 589 498 aetatis
612 433 828 513 scriptoribus.
850 434 929 494 Gom
950 432 1034 494 enim
1056 435 1125 496 siva

190 537 328 598 officium
355 550 491 609 eaerum,
522 549 610 594 seoro
638 525 834 609 singulorum
866 528 967 590 ordini
995 545 1125 609 respon-

190 635 279 709 dem,
305 634 493 711 perpetuum
517 633 608 704 esset,
625 628 690 688 sive
704 627 899 686 ususfructus
914 626 1028 687 borum
1043 645 1126 705 prae·

190 728 314 789 diorum
325 725 426 788 offioio
438 741 578 785 annexus
589 728 621 785 et
630 723 716 785 velut
730 722 805 800 quid
820 739 917 782 unum
933 738 1005 782 oum
1019 721 1124 782 officio

189 827 359 899 perpetuus
382 822 474 893 esset,
495 816 580 878 visus
598 821 646 878 est
664 817 840 896 comparari
860 833 952 894 posse
973 833 1047 876 eum
1069 833 1125 894 pe-

190 916 279 978 ouliis
302 935 356 976 seu
381 932 452 975 eum
477 912 603 991 praediis
624 913 782 973 fiscalibus
806 929 876 990 quae
896 912 935 973 ab
953 913 1124 989 imperato-

190 1010 276 1070 ribus
296 1006 490 1084 ducibusque
505 1005 656 1066 militibus
678 1005 797 1066 utenda
815 1005 948 1065 fruenda
971 1005 1125 1065 coneede-

190 1107 282 1167 beiur
295 1104 337 1164 ad
350 1102 446 1164 vitam
461 1119 532 1162 oum
548 1119 643 1162 onere
663 1101 781 1162 servitii
801 1101 834 1161 in
849 1104 1010 1179 posterum
1025 1102 1125 1181 gratis

189 1199 370 1281 praestandi.
400 1198 593 1260 Beneficium
615 1197 749 1276 proinde
773 1203 821 1258 est
848 1215 963 1260 nomen
988 1197 1125 1276 eomple-

188 1301 297 1360 xivum
306 1297 387 1378 juris
402 1299 432 1358 et
447 1295 551 1370 offleii,
563 1295 726 1373 utriusque
743 1293 887 1372 perpetui
897 1296 928 1355 et
938 1293 1126 1355 auctoritate

190 1394 404 1458 ecelesiastica
417 1391 550 1454 instituti
566 1395 597 1453 et
610 1391 772 1471 recogniti.

231 1494 346 1554 Omnes
362 1490 456 1551 etiam
471 1486 648 1550 eonoedunt
659 1486 743 1566 quod
754 1478 882 1566 oumjus
893 1485 986 1548 detur
994 1489 1126 1564 propter

192 1587 346 1662 osticium,
364 1585 502 1646 oftioium
516 1581 708 1644 considerari
730 1580 833 1643 debet
844 1584 996 1661 tanquam
1013 1581 1127 1661 praeoi-

191 1700 300 1760 puum‚
319 1681 372 1760 jus
393 1683 499 1742 eutem
517 1683 669 1757 tanquam
684 1677 904 1741 secundarium
919 1682 950 1740 et
963 1694 1055 1739 saoro
1069 1676 1127 1737 mi-

192 1776 320 1839 nisterio
348 1775 517 1836 adnexum.
547 1773 732 1852 Disorepant
759 1777 862 1835 nutem
886 1773 919 1833 in
943 1772 1126 1835 definitione

190 1868 355 1933 tradenda.
389 1869 468 1928 Nam
496 1867 704 1930 communiter
731 1866 893 1930 studentes
925 1866 1125 1946 etymologiae

191 1968 278 2030 vonis
297 1964 473 2028 definiunt:
495 1960 548 2025 Jus
565 1971 737 2045 perpetuom
755 1962 936 2045 percipiendi
951 1964 1069 2042 fructas
1089 1982 1128 2024 ea·

194 2064 273 2126 bonis
287 2062 428 2126 Ecclesia
442 2061 556 2122 ratione
569 2059 732 2140 spiritualis
746 2059 841 2140 officii
852 2059 1026 2120 auctoritate
1040 2060 1127 2121 eecle-

193 2160 309 2220 siastico
324 2158 509 2220 constitutum
523 2176 535 2217 .·
550 2156 626 2217 dum
642 2156 787 2218 amelius
801 2155 998 2238 studentibus
1012 2157 1059 2217 rei
1074 2175 1126 2218 ve-

191 2253 279 2314 ritati
294 2250 425 2312 deberet
435 2249 497 2310 diei
509 2266 516 2308 :
528 2246 660 2329 officium
674 2266 789 2308 socrum
799 2247 986 2309 ecclesiastiea
1001 2249 1127 2308 auctori-

169 2410 172 2414 ,
196 2353 256 2408 tote
269 2343 470 2420 constitutum,
482 2341 531 2402 eoi
542 2341 689 2402 adnexum
702 2348 744 2400 est
750 2339 805 2420 jos
817 2339 1000 2421 percipiendi
1011 2339 1127 2418 fructus

193 2442 228 2504 de
238 2441 352 2522 perolio
369 2439 516 2502 Ecclesiae.
529 2441 602 2500 Haeo
616 2437 796 2517 dogmatica
810 2436 1036 2499 benefieiorum
1051 2439 1127 2500 defi-

194 2539 271 2600 nitio
286 2556 350 2599 non
364 2536 466 2598 solum
481 2553 556 2596 vera
570 2538 663 2612 esset,
676 2533 732 2594 sed
742 2533 800 2595 sub
811 2552 1010 2614 quecumque
1024 2536 1125 2596 verie-

193 2635 257 2693 tate
278 2628 557 2691 administrationis
577 2629 692 2708 peoulii
714 2627 915 2690 ecelesiastici
936 2628 1049 2690 eadem
1070 2629 1127 2690 de-

193 2725 452 2806 prehenderetur.
961 2803 965 2808 ι

233 2821 285 2884 IV.
303 2822 350 2882 Ita
371 2818 527 2882 distractis
551 2821 677 2899 proediis
700 2840 720 2882 a
743 2821 901 2883 communi
925 2821 1127 2884 administra·

194 2919 291 2994 tione,
308 2921 340 2978 et
353 2914 509 2977 oonoessis
529 2916 562 2975 in
590 2917 785 2996 singulorum
808 2918 1123 2996 administrationem,

195 3015 382 3073 nontamen
406 3008 576 3072 amiserunt
600 3014 632 3072 et
657 3010 900 3088 dependentium
925 3013 965 3074 ab
986 3013 1126 3092 episcopi

192 3107 420 3188 jurisdictione,
431 3107 487 3186 qui
500 3112 548 3170 est
558 3106 793 3170 administrator
804 3114 895 3172 natus
905 3111 1000 3173 totius
1011 3110 1127 3192 peeuiii

195 3201 410 3276 ecelesiastici3
433 3203 490 3264 sed
511 3204 602 3266 siouti
622 3204 655 3263 in
676 3203 869 3283 agnitionem
889 3205 983 3286 hujus
1007 3206 1128 3284 depen-

195 3302 309 3362 dentia
333 3301 416 3361 etin
437 3303 604 3382 vestigium
627 3303 802 3364 eommunis
824 3303 1124 3380 administrationis,

196 3395 384 3473 quibusdam
405 3397 551 3458 oneribus
570 3401 704 3476 gravata
724 3404 798 3459 sunt
821 3417 898 3478 erga
923 3417 1126 3461 eommunem

195 3489 497 3554 administrationem
511 3492 576 3554 sive
586 3492 732 3556 varentia
741 3495 845 3558 forent
852 3495 918 3557 sive
928 3495 1032 3574 plena.
1046 3496 1128 3556 Sunt
