2476 4022
159 321 199 382 50
367 331 594 379 rnsrrrnrroues
613 331 695 379 roris
719 327 873 378 ausonici.

158 478 294 560 gesimo,
326 479 440 556 preter
471 475 654 556 sabbatum,
680 476 887 552 dominicam,
913 479 945 538 et
967 476 1088 538 festum

160 572 432 638 annuntiationis:
448 573 503 634 His
524 572 638 635 diebus
657 577 788 636 utuntur
804 573 1089 655 praesauctificatis.

200 673 354 734 Ceterum
378 669 446 732 aliis
470 669 581 730 diebus
605 670 748 732 omnibus
772 669 968 732 celebretur:
986 671 1093 731 solum

160 767 245 845 apud
264 766 377 827 latinos
397 765 602 844 prohibentur
624 765 804 828 sacerdotes
827 766 987 828 celebrare
1011 766 1094 828 feria

160 862 270 944 quinta
283 864 314 923 et
328 861 458 922 subbato
472 860 601 940 majoris
618 861 837 946 hebdomades,
855 863 914 924 nisi
934 863 1093 926 solemnia

106 1007 110 1014 .
160 974 251 1018 saera
273 973 309 1016 eo
334 954 384 1014 die
407 957 574 1032 peragant3
590 959 633 1018 et
654 955 739 1035 apud
762 975 881 1036 graeeos
909 957 1092 1036 presbyteri

160 1053 326 1115 seculares
340 1049 466 1132 quando
481 1051 528 1110 rei
543 1051 659 1113 uxorias
674 1053 751 1116 dant
765 1071 909 1132 operam·

201 1147 233 1209 Si
244 1145 322 1207 ferie
331 1145 441 1226 quinta
454 1144 582 1225 majoris
593 1146 800 1208 hebdomadae
816 1150 960 1210 occurrat
973 1147 1092 1209 festum

160 1229 414 1305 Annuntiationis
436 1242 486 1302 vel
511 1242 544 1302 S.
569 1242 714 1322 losephi,
740 1243 780 1304 de
802 1243 941 1324 episcopi
962 1243 1093 1307 licentia

160 1339 265 1419 plures
288 1339 389 1400 Missae
413 1337 567 1398 celebrari
597 1342 717 1418 queunt
740 1341 812 1400 ante
840 1340 1029 1416 solemnem,
1056 1344 1093 1402 ut

160 1433 295 1514 populus
314 1435 472 1510 precepto
492 1431 641 1492 audiendi
657 1449 781 1494 sacrum
795 1432 975 1495 satisfacere
994 1436 1093 1513 queat

161 1525 367 1588 commodius.
382 1525 431 1584 lte
443 1523 562 1584 Bened.
580 1526 660 1587 XIV.

201 1624 265 1682 Nee
286 1619 387 1682 solum
408 1619 592 1699 quotidiana
613 1620 697 1682 facta
715 1625 763 1684 est
781 1621 882 1684 Missae
906 1621 1088 1699 celebratio,

161 1715 216 1778 sed
237 1713 406 1794 aliquando
430 1712 518 1774 licuit
538 1714 753 1776 sacerdotibus
777 1714 882 1793 plures
905 1715 1018 1776 eodem
1038 1715 1090 1776 die

162 1810 320 1873 celebrare
335 1808 445 1872 Missas
457 1809 489 1870 in
505 1809 636 1882 diversis
651 1811 812 1873 alteribus.
828 1810 948 1872 Soeculo
968 1812 1090 1886 xrhinc

162 1906 290 1969 arbitrio
311 1905 424 1966 modus
445 1904 608 1984 impositus
623 1910 655 1967 et
668 1907 822 1969 coercitus
844 1911 891 1968 ast
909 1906 948 1967 ed
964 1909 1090 1971 tertiam

161 2004 273 2064 vicem.
294 2005 426 2063 Demum
441 2019 479 2061 ne
494 2001 526 2062 id
541 2003 625 2081 quod
640 2003 672 2063 in
686 2004 805 2071 bonum
819 2002 944 2082 piotetis
958 2007 1090 2082 permis·

162 2117 232 2160 sum
246 2103 304 2174 est,
317 2099 347 2157 in
363 2097 535 2176 perniciem
551 2104 582 2158 et
596 2098 636 2158 ed
651 2098 792 2160 fomitem
806 2099 944 2160 avaritiae
959 2101 1091 2161 inelina-

162 2197 220 2268 ret,
237 2192 451 2254 sacerdotibus
465 2194 598 2255 vetitum
613 2197 660 2256 est
675 2213 714 2254 ne
728 2193 845 2272 pluries
856 2195 887 2254 in
898 2194 948 2254 die
964 2195 1092 2257 Missam

162 2290 368 2366 celebrarent,
381 2293 510 2369 excepto
525 2290 575 2350 die
591 2290 765 2352 Natiuitatis
780 2291 913 2366 Domini,
926 2291 984 2351 nisi
1000 2309 1091 2354 secus

162 2386 331 2448 necessitas
353 2386 527 2463 postularit.
545 2387 620 2463 Gap.
638 2401 675 2447 111
697 2385 887 2458 Consulut‘sti,
902 2389 971 2448 lnn.
987 2388 1030 2448 Ill
1053 2388 1092 2449 de

162 2484 328 2546 Missurum
343 2481 491 2556 celebret.
508 2483 565 2542 Hic
580 2499 670 2543 ossus
687 2482 882 2546 necessitatis
896 2483 940 2543 ita
954 2483 1092 2546 intellec

162 2585 213 2638 tus
228 2579 285 2650 est,
303 2577 338 2635 ut
351 2573 433 2634 adsit
447 2593 562 2652 urgens
577 2574 746 2636 necessitas
760 2581 792 2635 et
805 2575 845 2636 ab
861 2575 1006 2655 episcopo
1021 2593 1092 2653 pro-

162 2672 247 2733 bata.
264 2673 351 2732 Unus
366 2686 404 2729 ex
418 2669 467 2729 his
481 2668 605 2729 casibus
620 2669 774 2732 admissus
788 2670 902 2751 injure
918 2671 1092 2733 certissime

163 2769 220 2842 est,
238 2765 277 2825 de
291 2765 429 2844 parocho
444 2764 498 2845 qui
512 2764 648 2826 duarum
665 2766 887 2845 parochiarum
901 2767 942 2828 ab
956 2767 1093 2829 invicem

163 2859 273 2939 procul
288 2857 470 2920 distantium
485 2877 593 2920 curam
608 2859 701 2938 gerit,
718 2877 776 2920 neo
791 2861 870 2922 alter
887 2860 1019 2939 reperiri
1035 2862 1091 2922 de-

162 2965 214 3020 tur
236 2957 384 3019 sacerdos
407 2956 460 3036 qui
483 2957 515 3017 in
539 2956 690 3019 alterutra
713 2956 866 3034 celebret,
888 2962 923 3019 ut
941 2957 992 3018 die
1013 2957 1092 3020 festo

163 3055 298 3134 populus
311 3056 470 3134 praeoepto
485 3052 666 3115 satisfaciet.
684 3053 863 3132 Aliquando
877 3071 896 3114 a
910 3056 946 3114 a:
963 3055 1093 3116 Pontifi-

163 3151 252 3212 oibns
266 3149 409 3212 utilitatis
423 3167 519 3211 causo
533 3147 588 3209 sed
603 3148 762 3209 rarissimo
777 3147 846 3210 aliae
866 3148 1047 3229 hujusmodi
1062 3154 1094 3211 et

163 3246 337 3324 prasertim
351 3245 555 3308 missionariis
576 3244 791 3306 conceduntur
808 3244 984 3321 facultates,
1001 3245 1093 3306 dum-

164 3340 258 3402 modo
274 3343 375 3403 omnis
389 3343 528 3404 avaritiae
543 3342 677 3422 suspicio
692 3342 786 3422 longe
800 3341 851 3404 sit.

205 3439 255 3500 Vl.
268 3437 351 3498 Hora
366 3437 544 3500 celebrandi
556 3457 646 3500 sacre
659 3439 809 3516 mysteria
822 3437 1092 3518 primis-Ecclesiae

167 3530 289 3594 seculis
304 3530 362 3592 suit
376 3536 540 3594 nocturne.
553 3533 653 3612 HuJ'us
667 3532 837 3610 disciplinae
848 3550 944 3594 causa
958 3532 1090 3610 duplex:
