2504 4024
394 337 433 380 nn
455 335 583 381 orrncro
603 335 685 382 runrs
708 309 862 381 canonrcr.
1036 327 1089 385 lnl

165 479 345 540 renuntiare
360 479 411 539 vel
425 477 580 538 omnibns.
598 477 758 537 Habemus
772 479 950 556 exemplum
963 481 995 541 in
1011 483 1094 561 epis-

166 575 253 654 copis
273 573 326 654 qui
348 573 522 634 humilitate
544 572 696 650 compulsi
716 573 884 651 aliquando
908 575 1093 654 dignitatem

166 670 375 749 episcopalem
407 668 613 743 abdicarunt,
640 670 672 729 et
705 669 883 756 regularem
916 670 1093 734 institutum

165 764 300 844 amplexi
325 768 406 825 sunt.
438 762 626 843 Hujusmcdi
650 762 806 842 episcopi,
835 763 929 823 etiam
958 766 1092 830 obtentis

167 860 348 934 dimissoriis
359 878 377 920 a
387 845 514 938 prop'ric
530 859 687 938 episcopo,
700 858 725 918 si
740 859 987 923 renuntiaverint
1001 861 1093 922 simul

166 960 198 1014 et
219 954 287 1014 loco
311 956 343 1014 et
365 952 525 1031 dignitati,
551 971 612 1012 non
643 951 850 1013 admittuntur
873 951 913 1013 ad
937 953 1093 1034 majorum

167 1048 312 1110 ordinum
333 1047 542 1109 collationem.
560 1047 605 1126 (G.
629 1049 641 1106 l
663 1047 702 1107 de
724 1047 874 1108 ordinatis
896 1049 936 1110 ab
958 1067 1021 1129 ep.,
1039 1050 1092 1129 qui

165 1141 409 1220 renuntiarent.)
497 1141 502 1158 ²
549 1155 552 1160 '

205 1242 240 1299 ln
261 1238 358 1318 primo
383 1255 473 1312 casu,
499 1235 617 1298 scilicet
640 1236 665 1296 si
688 1254 791 1297 sermo
813 1236 863 1297 vel
885 1238 924 1298 de
943 1238 1094 1299 ordinibus

164 1331 336 1408 minoratos,
351 1337 427 1391 tunc
447 1330 549 1408 potuit
570 1330 741 1409 aliquando
764 1329 844 1391 facto
867 1331 934 1409 ipsc
955 1333 1020 1393 tolli
1043 1335 1094 1394 vel

167 1523 230 1599 nio,
247 1527 278 1583 2⁰
294 1521 475 1583 dimissione
495 1528 633 1583 tonsurae
656 1524 687 1582 et
704 1520 830 1582 habitus
852 1522 1012 1582 clericalia.
1032 1523 1094 1583 Sed

167 1619 198 1677 in
213 1621 244 1678 3⁰
259 1635 335 1678 casu
356 1620 479 1696 oportet
500 1617 692 1696 distinguere
706 1634 747 1676 en
761 1616 894 1677 clericus
907 1617 947 1680 sit
960 1617 1095 1698 bigamis

167 1731 225 1773 nec
240 1731 290 1772 ne.
309 1712 341 1774 Si
356 1715 391 1774 ut
404 1712 564 1791 bigamus,
582 1711 782 1789 amplectitur
800 1716 915 1774 statum
933 1715 1095 1792 incompe-

166 1808 285 1871 tihilem
301 1826 372 1869 eum
387 1812 471 1870 stetu
490 1807 636 1868 clericali.
654 1809 689 1868 ln
704 1808 835 1870 concilio
850 1810 1051 1890 Lugdunensi
1067 1813 1093 1870 ll

167 1903 317 1965 declarati
330 1905 404 1964 sunt
417 1902 530 1981 privati
546 1902 632 1963 omni
645 1903 808 1984 privilegio
824 1905 970 1993 clericali,
984 1908 1015 1966 et
1024 1921 1094 1983 pro-

166 1999 300 2060 hibitum
324 2002 371 2060 est
393 1998 431 2058 iis
454 1998 577 2059 deferre
600 2001 762 2060 tonsuram
786 2003 817 2062 et
840 2000 982 2062 habitum
1004 1999 1095 2060 cleri-

165 2096 266 2156 calem
281 2095 340 2156 suh
355 2094 566 2156 anathemate.
584 2096 618 2155 ln
638 2095 776 2157 secundo
799 2113 873 2158 casu
889 2096 1019 2157 clericus
1034 2100 1096 2155 sta·

164 2195 232 2250 tum
246 2208 309 2250 non
320 2187 444 2263 emittit,
456 2187 530 2248 licet
541 2179 843 2268 nonnullis'juribnS,
855 2191 1002 2248 manente
1012 2191 1095 2248 statu

164 2282 368 2358 matrimonii,
381 2280 541 2360 privetur:
558 2299 607 2342 ex.
624 2300 672 2360 gr.
689 2280 774 2359 quod
788 2297 852 2340 non
866 2281 965 2357 pessit
978 2280 1094 2340 habere

164 2377 365 2460 beneficium,
382 2395 440 2440 nec
455 2377 496 2438 ad
510 2395 616 2438 sacros
631 2376 756 2438 ordines
771 2375 953 2436 ascendere.

205 2480 237 2536 2⁰
260 2474 350 2546 Quod
373 2491 447 2535 vero
471 2476 593 2552 spectat
615 2473 656 2532 ad
681 2472 893 2533 dimissionem
915 2471 1040 2532 habitus
1065 2473 1096 2533 et

163 2578 303 2632 tonsurae
314 2569 497 2650 (dummodo
509 2587 566 2648 per
575 2567 821 2630 declarationem
835 2567 950 2631 factam
964 2567 1095 2629 servatis

163 2665 344 2742 servandis,
371 2664 542 2746 privilegiis
570 2665 765 2726 clericalibus
788 2684 851 2727 non
879 2665 942 2728 sint
968 2664 1094 2746 privati)

156 2781 228 2824 vnon
243 2761 315 2823 ideo
337 2766 505 2822 censentur
525 2766 643 2823 statum
664 2761 841 2822 clericalem
859 2762 1021 2839 emittere,
1039 2761 1098 2822 sed.

163 2859 267 2920 solum
277 2857 471 2937 suspendere
483 2857 550 2938 eJ'us
567 2857 759 2920 exercitium.
777 2857 844 2918 Dixi
860 2874 923 2919 non
938 2857 1092 2932 amittere,

164 2954 240 3034 quia
254 2956 385 3032 excepto
400 2952 562 3032 privilegio
577 2953 637 3015 fori
649 2952 744 3034 (quod
756 2973 793 3014 ex
808 2956 897 3032 parte
909 2952 961 3032 jus
976 2952 1092 3027 clerici,

164 3063 230 3106 non
245 3043 383 3106 officium
393 3045 451 3125 est)
461 3046 582 3108 caeteris
596 3047 736 3125 gaudent
747 3046 870 3128 juribus
886 3043 1092 3116 clericalibus,

166 3143 199 3200 et
212 3139 316 3200 adhuc
339 3140 444 3201 elerici
456 3145 643 3222 censentur,
657 3142 732 3202 licet
751 3139 959 3220 quorumdam
974 3139 1095 3220 jurium

166 3234 346 3296 dimissione
369 3240 534 3314 manente,
561 3231 624 3298 non
648 3235 978 3298 habeat'exercitium.
1004 3235 1094 3316 (vide

165 3330 290 3408 Bened„
302 3333 383 3395 xlv.
400 3331 439 3393 de
456 3351 525 3412 syn.
542 3333 563 3395 l.
582 3336 630 3409 lx,
647 3349 675 3392 c.
692 3331 736 3409 ἓ.)
