2548 4020
160 286 216 344 194
367 294 594 342 rnsrrrorrouns
615 295 697 342 roais
719 295 874 342 aaronica

159 443 341 524 postularet,
357 440 407 502 vel
430 440 514 521 quod
534 442 663 502 remotae
683 439 810 503 familie
832 443 1092 506 consociarentur

158 537 322 617 conjugiis,
352 536 410 597 vel·
428 534 553 596 familia
580 536 663 595 iuter
689 552 722 595 se
749 534 866 598 dissitas
889 540 921 599 et
944 542 1088 616 remota,

158 635 319 712 reciproca
333 631 559 694 consuetudine
573 630 776 694 abstinerent.
795 667 800 674 ·

169 759 170 764 ι
198 734 229 791 Ιο
243 729 355 790 Primis
368 727 514 790 Ecclesiae
530 728 663 804 soeculis,
679 745 718 790 no
736 733 969 807 opponerentur
983 731 1092 796 obsta-

158 829 229 889 cula
249 825 455 888 matrimoniis
476 823 734 901 christianorum,
762 842 833 886 oum
855 843 893 886 ex
916 827 979 888 alia
997 833 1090 907 parte

158 922 314 985 connubia
335 939 407 982 oum
425 921 571 1000 gentibus
591 925 680 983 erant
699 921 877 999 interdicta,
899 943 969 1004 quae
991 928 1090 986 maxi-

158 1037 242 1080 mam
253 1018 367 1080 civium
376 1021 498 1096 partem
509 1017 750 1094 constituebant,
763 1018 905 1080 videmus
915 1021 1093 1082 Ecclesiam

158 1115 351 1198 paucissimis
377 1111 528 1194 gradibus
551 1114 611 1175 hac
634 1114 859 1194 impedimenta
882 1119 1087 1180 contraxisse.

157 1217 249 1275 Forte
260 1213 404 1292 cognatio
415 1209 565 1272 naturalis
576 1229 639 1272 non
649 1211 732 1272 ultra
741 1211 897 1274 secondom
906 1213 957 1275 vel
972 1214 1091 1276 tertium

156 1310 392 1391 generationem
406 1307 568 1388 prohibuit
582 1308 717 1386 nuptiae.

96 1391 97 1394 ¹
196 1409 228 1466 2⁰
244 1405 306 1468 Sed
321 1404 405 1466 circa
419 1403 569 1464 saeculum
583 1419 640 1465 vui
655 1402 798 1465 videmus
813 1407 1005 1482 protractam
1018 1424 1090 1487 pro-

157 1501 342 1563 hibitionem
362 1499 545 1578 nuptiarum
563 1516 663 1578 usque
684 1500 725 1561 ad
742 1501 893 1580 septimam
912 1503 1092 1581 generatio-

128 1617 129 1622 ’
157 1615 228 1658 nem
243 1595 404 1672 inclusiva,
415 1597 449 1656 nt
463 1595 584 1656 rariora
597 1597 709 1657 tierent
722 1581 879 1658 connubia
892 1615 990 1676 penes
1007 1598 1087 1661 indi-

156 1710 253 1774 genas
268 1691 353 1754 etad
368 1696 490 1751 exteras
505 1691 733 1754 diffunderetur
747 1692 892 1756 charitas.

195 1792 228 1850 3⁰
247 1787 421 1850 At-saeculo
440 1803 508 1864 xlii,
531 1787 675 1866 cognatio
694 1787 739 1849 ita
756 1793 915 1867 protensa,
936 1806 999 1849 non
1020 1793 1090 1851 erat
1210 1849 1212 1852 .

156 1886 289 1966 amplios
317 1883 502 1946 coordinata
525 1883 766 1946 circumstantiis
793 1889 982 1965 temporum.
1009 1887 1090 1947 Nam

156 1985 282 2059 Europa
295 1981 327 2042 in
342 1982 388 2041 tot
402 1996 500 2058 parva
514 1997 612 2059 regna
631 1980 737 2042 decisa
758 1985 835 2061 quot
853 1986 943 2045 erant
960 1981 1090 2060 provin-

156 2078 212 2139 ciae
232 2079 264 2137 et
284 2074 390 2137 omnia
410 2075 566 2136 continuis
584 2075 674 2136 bellis
688 2075 863 2155 sollicitate,
881 2081 912 2139 et
932 2075 1089 2138 continuis

156 2171 1089 2252 simultatibus,nonpermissafoissentconnubiaexnnoiu

157 2267 241 2331 aliud
256 2267 409 2348 regimen,
420 2266 503 2329 iutra
516 2285 650 2346 regnum
665 2271 753 2330 extra
765 2269 854 2329 illum
868 2270 1003 2348 gradum
1015 2287 1090 2330 con-

155 2365 239 2429 trabi
266 2383 328 2426 non
355 2366 510 2442 poterant.
540 2365 623 2442 Ergo
643 2367 807 2444 coeperunt
826 2364 1087 2444 dispensationes,

157 2463 270 2544 quibus
284 2479 334 2521 res
348 2459 502 2540 perducta
515 2462 562 2521 est
581 2461 616 2520 ut
630 2475 729 2539 nsque
744 2459 784 2520 ad
800 2460 919 2521 tertium
932 2461 982 2522 vel
995 2479 1089 2540 quor-

157 2568 217 2618 tom
231 2556 366 2638 gradum
380 2555 496 2636 nuptiae
511 2555 777 2637 permitterentur.

195 2650 271 2712 Inde
286 2652 401 2712 saeculo
415 2668 484 2727 xm,
502 2651 667 2712 concilium
682 2654 892 2714 lateranense
906 2653 947 2716 IV
961 2650 1020 2712 sub
1035 2654 1088 2714 lu·

156 2744 299 2806 noeentio
310 2746 362 2821 ΙΙΙ,
376 2746 536 2806 contracta
551 2747 598 2807 est
612 2745 758 2826 cognatio
770 2746 921 2808 naturalis
936 2746 1088 2825 usquead

155 2849 293 2922 quartum
307 2839 435 2920 prodam
449 2839 598 2918 inclusive,
614 2841 707 2921 eique
728 2843 790 2923 legi
810 2842 904 2904 bodio
925 2841 1086 2920 obtempe-

155 2954 261 2999 ramus
276 2935 391 2998 adbuc.
436 2951 441 2958 ‘
895 2972 899 2976 ·

130 3039 132 3044 '
195 3035 318 3097 XXXII.
335 3032 393 3103 Hic
414 3031 561 3114 quasdam
581 3036 654 3095 sunt
673 3030 820 3096 addenda
838 3033 886 3096 de,
899 3033 1087 3114 cognatione

155 3130 310 3208 spirituali
325 3137 357 3192 et
369 3130 474 3210 legali,
488 3130 572 3209 quod
583 3147 678 3192 causa
691 3130 860 3210 spiritualis
875 3130 1088 3211 generationis

155 3237 212 3302 per
225 3227 427 3306 baptismum,
443 3229 493 3290 vel
503 3226 602 3288 civilis
612 3228 807 3307 cognationis
818 3247 875 3309 per
884 3229 1088 3308 adoptionem

155 3319 388 3385 iuduotaesunt.
527 3328 530 3333 “

195 3416 345 3494 Cognatio
359 3417 521 3497 spiritualis
535 3419 634 3483 oritur
654 3440 692 3483 ex
710 3421 914 3502 generatione
932 3419 1087 3501 spirituali

154 3511 362 3592 baptismata,
379 3533 449 3593 quae
464 3516 625 3593 perficitur
638 3518 875 3582 confirmatione
892 3538 899 3581 :
