2504 4024
172 319 228 376 ill
377 326 604 374 rrsrrrumouas
624 325 707 372 runis
729 326 883 372 canorum.

170 480 220 542 vel
239 478 375 557 plurium
398 476 430 536 in
443 475 528 537 idem
548 475 697 554 placitum
718 493 902 547 cousensus;
927 493 1004 555 ergo
1026 480 1101 538 sunt

171 575 355 638 naturaliter
383 573 538 634 inhabiles
568 573 608 632 ad
637 571 895 634 matrimonium:
920 571 998 635 tales
1027 578 1102 634 sunt

170 676 322 745 amentes,
348 669 467 746 furiosi,
494 669 583 746 ebrii,
608 668 812 745 dormientes,
838 687 910 731 cum
934 687 1044 731 omnes
1067 669 1101 730 hi

170 765 284 828 actuali
298 764 428 826 rationis
443 781 500 825 usu
515 781 578 824 non
592 762 761 843 gaudeant.

211 862 273 924 Sed
289 861 341 922 elii
351 863 423 921 sunt
432 861 486 939 qui
495 860 567 921 licet
581 859 756 920 naturaliter
767 863 895 939 possent
908 859 1097 933 consentire,

170 964 276 1021 temen
292 957 430 1017 humens
439 955 642 1035 legeillorum
657 972 826 1016 consensus
836 973 893 1034 pro
905 954 988 1017 nullo
1004 955 1101 1016 babe-

170 1053 277 1115 turin
302 1052 410 1113 ordine
434 1051 474 1112 ad
497 1051 732 1113 matrimonium
756 1051 795 1112 de
819 1051 976 1130 praesenti.
1007 1051 1099 1112 Tales

170 1150 243 1210 sunt
253 1148 317 1227 qui,
328 1146 402 1208 licet
411 1146 540 1208 rationis
555 1163 613 1206 usu
627 1146 798 1224 gaudeant,
810 1145 949 1207 nondum
963 1146 1100 1224 puberes

171 1248 254 1320 sunt,
278 1262 317 1304 ex
338 1260 473 1322 quorum
496 1259 664 1320 corporum
683 1241 934 1320 imperfectione,
953 1243 1100 1303 immatu-

171 1341 246 1402 ritas
262 1340 357 1401 etiam
368 1337 479 1418 judicii
498 1339 670 1400 estimatur
684 1341 716 1399 et
729 1337 929 1416 presumitur
941 1336 974 1396 in
989 1335 1100 1397 ordine

171 1437 348 1514 prasertim
368 1435 408 1496 ad
423 1452 462 1496 ea
475 1452 545 1515 quoe
566 1435 724 1514 pertinent
741 1433 782 1495 ad
801 1437 917 1496 statum
937 1433 1101 1496 matrimo-

172 1530 298 1592 nialem.

211 1628 308 1687 Porro
329 1643 446 1703 magua
466 1624 565 1705 viguit
585 1626 659 1686 olim
686 1624 900 1687 controversia
918 1625 1001 1685 inter
1019 1623 1102 1704 juris

171 1721 294 1783 romani
307 1721 465 1782 consultos
475 1720 558 1781 circa
567 1720 697 1781 modum
711 1720 881 1782 definiendi
891 1720 972 1781 beno
986 1720 1102 1800 puber-

170 1819 278 1879 tatem.
304 1811 501 1896 Proculejani
530 1835 568 1878 ex
595 1817 703 1892 annis,
728 1817 868 1878 Cassiani
895 1834 933 1876 ex
960 1818 1101 1896 corporis

171 1911 296 1989 habitu,
319 1914 518 1991 pubertatem
539 1911 694 1974 aestimare
714 1912 872 1976 volebant.
897 1910 1015 1974 Placuit
1036 1911 1102 1972 dis-

171 2009 286 2090 ciplina
309 2009 601 2089 proculejanoram,
625 2011 823 2090 pronti-quae
851 2011 1046 2072 commodior
1068 2014 1102 2073 et

171 2105 368 2166 verecundiae
383 2106 483 2184 magis
498 2105 713 2182 accomodata,
725 2109 756 2168 et
765 2107 868 2185 primo
876 2124 934 2186 pro
949 2106 1099 2182 foeminis,

170 2199 284 2262 deinde
299 2201 394 2263 etiem
407 2219 464 2280 pro
479 2200 619 2262 maribus
633 2205 762 2280 recepta
776 2207 832 2264 est.

211 2297 273 2359 Sed
287 2299 435 2360 Ecclesiae
448 2298 493 2359 ita
506 2299 623 2376 placuit
641 2298 805 2359 adherere
823 2299 1100 2380 proculejanorum

169 2393 415 2474 presumptioni,
428 2397 534 2454 utnon
545 2393 713 2472 derogaret
726 2393 947 2455 Cassianorum
960 2393 1096 2456 veritati.

169 2491 252 2568 llrgo
268 2489 408 2550 definivit
420 2489 620 2566 pubertatem
634 2489 940 2566 masculoruleV,
954 2492 985 2551 et
998 2489 1099 2551 foemi-

169 2601 282 2644 narum
309 2585 364 2644 Xll
388 2602 470 2646 anno
500 2586 673 2665 completo,
699 2585 872 2648 dummodo
898 2584 1012 2646 malitia
1040 2605 1100 2646 non

167 2675 317 2757 suppleret
328 2684 455 2755 ceratem,
467 2679 613 2742 videlicet
626 2681 798 2742 dummodo
813 2698 927 2760 corpus
941 2698 1005 2742 nou
1018 2699 1099 2759 prae·

168 2769 299 2831 ecferret
317 2770 488 2848 perfectam
507 2773 725 2835 habitudinem
744 2774 785 2836 ad
804 2791 901 2854 opera
919 2773 1100 2854 conjugalia

168 2882 240 2927 cum
259 2867 370 2948 effectu
389 2868 575 2946 exercende,
592 2869 676 2930 unde
694 2871 858 2932 maturitas
878 2872 971 2932 etiem
987 2869 1098 2951 judicii

167 2959 270 3024 valeat
284 2961 442 3024 estimari.
460 2965 494 3024 ln
509 2963 617 3024 haere
628 2964 784 3044 judicium
799 2968 846 3027 est
861 2965 1022 3026 ordinarii.

206 3057 266 3120 Ubi
278 3076 353 3120 vero
369 3057 526 3120 sufficiens
540 3059 710 3123 haberetur
725 3061 860 3142 cognitio
876 3065 975 3125 status
989 3060 1100 3142 conju-

165 3151 245 3230 galis
265 3154 331 3215 sine
353 3154 519 3234 pubertate
540 3173 599 3216 nec
619 3173 706 3234 vere,
723 3175 781 3218 nec
802 3161 1005 3237 praesumpta,
1021 3164 1099 3220 tune

165 3263 238 3306 cum
251 3254 399 3328 ageretur
412 3251 451 3312 de
465 3253 691 3331 impedimento
713 3256 837 3315 tentum
851 3253 982 3315 actualis
996 3255 1097 3333 impo-

165 3343 281 3417 tentiae,
298 3345 381 3406 circa
400 3347 484 3425 quod
506 3347 687 3426 dispensare
709 3364 772 3409 uon
791 3352 895 3427 potest
916 3348 1094 3428 episcopus,

165 3438 390 3499 recurrendum
404 3440 484 3503 foret
498 3443 538 3503 ed
553 3443 660 3504 sedem
676 3445 890 3523 apostolicam.
