2504 4024
203 287 261 346 100
291 365 299 380 ι
408 291 912 342 1nsr1rur1onnssun1scnnonrc1.

201 440 329 520 copulis,
346 441 379 501 et
391 438 423 499 in
438 438 498 498 hoc
511 437 688 515 praesertim
701 436 916 514 episcopatum
930 454 950 497 a
963 436 1130 514 presbyte-

201 541 270 598 ratu
287 535 412 596 differre
428 533 541 613 (obiter
561 531 612 592 hic
626 531 841 592 animadverte
856 531 1026 610 quodlicet
1040 530 1126 592 Trid.

200 628 335 692 voluerit
349 628 478 689 definire
489 625 561 704 jure
576 625 682 686 divino
697 623 840 686 ordinem
850 625 1049 703 episcopatus
1060 643 1129 685 esse

201 725 397 806 superiorem
412 723 520 786 ordine
535 722 782 800 presbyteratus,
797 725 904 782 temen
917 721 949 780 id
967 722 1062 782 tacite
1084 721 1129 782 in·
1156 801 1160 809 Ι

201 822 318 882 nuebat
332 819 459 899 quando
474 817 706 878 distinctionem
726 836 765 878 ex
786 817 845 877 hec
865 819 1019 895 potestate
1040 835 1130 895 repe·

201 919 288 980 tabat
301 915 333 976 in
348 914 457 975 ordine
472 913 512 974 ad
535 911 681 992 quaedam
699 917 896 976 sacramenta
915 930 1010 993 quam
1031 931 1130 993 nega-

200 1015 255 1075 bat
267 1009 480 1091 presbyteris3
497 1007 553 1070 sed
568 1007 720 1087 quidquid
734 1009 774 1068 sit
793 1008 831 1068 de
851 1009 911 1070 hae
930 1009 1126 1087 quaestione).

241 1110 281 1169 At
295 1125 359 1168 non
374 1107 442 1166 erat
455 1102 539 1165 Trid.
553 1103 786 1182 menaperhaec
796 1103 893 1165 verba
902 1103 1032 1164 delinire
1043 1106 1129 1184 quod

200 1202 280 1262 alter
297 1199 438 1261 minister
450 1196 717 1258 extraordinarius
736 1202 851 1276 preter
871 1197 1054 1277 episcopum
1074 1216 1130 1258 ne-

201 1299 296 1376 queat
282 1292 432 1358 tadmitti
447 1292 513 1356 sive
526 1293 558 1352 in
573 1292 827 1369 confirmationis,
844 1293 909 1353 sive
930 1291 961 1352 in
982 1293 1130 1353 ordinum

201 1386 411 1450 collationem.
438 1387 483 1446 De
505 1384 741 1446 confirmatione
762 1387 848 1463 petet
869 1402 905 1445 ex
927 1402 1046 1446 canone
1067 1387 1127 1461 ΙΙΙ,

200 1503 276 1545 sess.
294 1485 360 1560 vll,
377 1482 430 1542 ubi
445 1484 627 1564 contentum
641 1481 699 1541 fuit
712 1480 861 1541 delinire:
885 1500 899 1537 n
913 1481 946 1542 Si
960 1480 1030 1560 quis
1044 1481 1129 1541 dixe

200 1579 370 1639 ritsanctae
390 1576 635 1638 confirmationis
656 1574 848 1637 ordinarium
868 1575 1045 1637 ministrum
1065 1593 1130 1636 non

200 1692 268 1735 esse
283 1673 479 1752 episcopum,
495 1671 551 1734 sed
561 1689 703 1751 quemvis
712 1671 885 1750 amplicem
894 1670 1127 1750 presbyterum

200 1768 369 1830 anathema
397 1766 449 1830 sit.
482 1787 496 1825 o
527 1769 573 1828 De
599 1765 708 1828 ordine
732 1783 808 1838 vero
830 1769 917 1844 patet
939 1785 977 1826 ex
1000 1781 1070 1845 cap.
1097 1783 1127 1841 x,

199 1881 275 1925 sess.
288 1862 404 1944 XXIII,
421 1862 460 1923 de
475 1863 708 1938 reformatione,
724 1861 779 1922 ubi
797 1862 865 1923 haec
883 1861 979 1923 habet
999 1881 1005 1921 :
1032 1882 1047 1918 n
1067 1861 1131 1922 Ab·

199 1959 324 2022 batibus
340 1962 371 2021 et
385 1958 453 2019 aliis
468 1958 718 2038 quibuscumque
734 1957 886 2036 exemptis
903 1975 966 2028 non
984 1957 1079 2020 liceat
1097 1957 1129 2016 in

199 2061 363 2137 posterum
372 2055 404 2114 in
416 2057 479 2116 tres
488 2056 567 2115 lines
577 2054 711 2134 alicujus
721 2053 865 2115 dioecesis
875 2052 1127 2130 consistentibus,

200 2149 323 2214 etlamsi
343 2149 458 2212 nullius
478 2149 632 2226 dioecesis,
656 2149 706 2210 vel
730 2148 864 2228 exempti
884 2166 951 2209 ease
970 2148 1127 2226 dicantur,

200 2247 347 2326 cuiquam
361 2245 414 2328 qui
430 2245 583 2326 regularis
596 2245 741 2307 subditus
750 2245 810 2306 sibi
823 2261 885 2304 non
905 2245 946 2306 sit
965 2247 1129 2305 tonsuram

200 2343 249 2404 vel
271 2342 408 2404 minores
429 2342 555 2402 ordines
577 2340 731 2403 conferre.
753 2361 768 2399 o
794 2341 839 2400 Ex
860 2357 923 2420 qua
942 2339 1128 2407 inhibitione

200 2439 401 2518 consequitur
414 2438 576 2515 indirecte,
595 2437 688 2500 licere
703 2437 870 2499 abbatibus
889 2437 1047 2498 nonnullis
1062 2436 1129 2516 qui-

199 2532 259 2593 bus
273 2530 305 2591 id
323 2531 403 2610 juris
419 2549 602 2592 eoncessum
617 2535 673 2607 est,
697 2530 761 2592 suis
779 2529 912 2594 subditis
930 2531 1129 2610 regularibus

198 2631 361 2688 tonsuram
376 2629 406 2687 et
420 2627 558 2688 minores
572 2627 697 2688 ordines
712 2627 865 2689 conferre.

240 2722 322 2782 Sane
350 2718 530 2800 hujusmodi
558 2719 722 2785 facultates
750 2723 840 2784 datas
868 2740 935 2784 esse
960 2721 1128 2785 abbatibus

198 2815 411 2894 presbyteris
408 2819 450 2878 et
482 2816 522 2877 ab
554 2817 700 2896 episcopo
732 2817 906 2882 benedictis
939 2822 1060 2882 constat
1047 2823 1128 2882 teir

73 2903 75 2907 ⁸
114 2991 116 2995 Α
199 2915 275 2992 Syn.
293 2914 358 2977 Vll.
376 2911 557 2990 Nicoenall,
574 2916 669 2992 prout
655 2912 839 2974 thabemus
860 2932 898 2975 ex
917 2914 1066 2976 decretali
1085 2916 1127 2976 XI

199 3025 297 3088 quum
316 3006 476 3086 contingat
497 3007 536 3068 de
556 3006 716 3088 qualitate,
737 3009 829 3069 aetate
849 3013 881 3068 et
898 3007 1008 3068 ordine
1026 3009 1128 3087 prali-

198 3103 400 3178 ciendorum;
416 3103 516 3165 item
505 3121 538 3162 rn
553 3121 622 3181 cap.
638 3119 661 3180 1,
679 3103 718 3164 de
737 3103 888 3166 ordinetis
908 3103 1124 3184 abepiscopo,
1148 3116 1151 3121 ·

198 3198 251 3276 qui
277 3198 469 3261 renuntiavit
486 3199 692 3279 episcopatui.
717 3200 779 3261 Sed
798 3217 857 3260 nee
874 3199 1055 3279 hujusmodi
1071 3198 1129 3259 be·

198 3292 407 3355 nedictionem
421 3313 488 3357 esse
503 3295 724 3372 necessariam,
739 3300 776 3359 ut
789 3295 943 3357 babemus
957 3313 995 3355 ex
1013 3313 1083 3374 cap.
1101 3311 1124 3370 1,

198 3385 237 3446 de
252 3389 427 3466 supplenda
440 3390 643 3468 praelatorum
657 3390 859 3471 negligentia,
877 3394 960 3455 etex
978 3390 1128 3454 constitu-

196 3481 282 3543 tione
295 3483 439 3544 commissi
451 3485 567 3546 Bened.
586 3487 665 3549 XIV.
