<?xml version="1.0" encoding="UTF-8"?>
<!DOCTYPE html PUBLIC "-//W3C//DTD XHTML 1.0 Transitional//EN"
    "http://www.w3.org/TR/xhtml1/DTD/xhtml1-transitional.dtd">
<html xmlns="http://www.w3.org/1999/xhtml" xml:lang="en" lang="en">
 <head>
  <title>
</title>
<meta http-equiv="Content-Type" content="text/html;charset=utf-8" />
  <meta name='ocr-system' content='tesseract 3.04.00' />
  <meta name='ocr-capabilities' content='ocr_page ocr_carea ocr_par ocr_line ocrx_word'/>
</head>
<body>
  <div class='ocr_page' id='page_1' title='image "./institutionesju00marigoog_0313.png"; bbox 0 0 2530 4016; ppageno 0'>
   <div class='ocr_carea' id='block_1_1' title="bbox 152 292 867 356">
    <p class='ocr_par' dir='ltr' id='par_1_1' title="bbox 152 292 867 356">
     <span class='ocr_line' id='line_1_1' title="bbox 152 292 867 356; baseline -0.013 0"><span class='ocrx_word' id='word_1_1' title='bbox 152 295 211 356; x_wconf 79' lang='grc'><strong>306</strong></span> <span class='ocrx_word' id='word_1_2' title='bbox 262 297 268 308; x_wconf 86' lang='grc'><strong>“</strong></span> <span class='ocrx_word' id='word_1_3' title='bbox 358 303 587 351; x_wconf 83' lang='lat' dir='ltr'><strong>rnsrrrurrenus</strong></span> <span class='ocrx_word' id='word_1_4' title='bbox 607 301 690 349; x_wconf 78' lang='lat' dir='ltr'><strong>euius</strong></span> <span class='ocrx_word' id='word_1_5' title='bbox 712 292 867 348; x_wconf 75' lang='lat' dir='ltr'><strong>neronior.</strong></span> 
     </span>
    </p>
   </div>
   <div class='ocr_carea' id='block_1_2' title="bbox 108 445 1085 3591">
    <p class='ocr_par' dir='ltr' id='par_1_2' title="bbox 108 445 1085 1471">
     <span class='ocr_line' id='line_1_2' title="bbox 152 445 1084 535; baseline -0.005 -20"><span class='ocrx_word' id='word_1_6' title='bbox 152 450 274 535; x_wconf 86' lang='lat' dir='ltr'><strong>probati</strong></span> <span class='ocrx_word' id='word_1_7' title='bbox 290 449 499 528; x_wconf 83' lang='lat' dir='ltr'><strong>doctoresque</strong></span> <span class='ocrx_word' id='word_1_8' title='bbox 512 446 587 510; x_wconf 86' lang='lat' dir='ltr'><strong>lecti</strong></span> <span class='ocrx_word' id='word_1_9' title='bbox 600 449 715 509; x_wconf 89' lang='lat' dir='ltr'><strong>esseut.</strong></span> <span class='ocrx_word' id='word_1_10' title='bbox 730 445 808 508; x_wconf 90' lang='lat' dir='ltr'><strong>lude</strong></span> <span class='ocrx_word' id='word_1_11' title='bbox 821 446 917 509; x_wconf 87' lang='lat' dir='ltr'><strong>variae</strong></span> <span class='ocrx_word' id='word_1_12' title='bbox 928 465 1084 527; x_wconf 87' lang='lat' dir='ltr'><strong>apparue-</strong></span> 
     </span>
     <span class='ocr_line' id='line_1_3' title="bbox 153 543 1085 624; baseline -0.006 -12"><span class='ocrx_word' id='word_1_13' title='bbox 153 552 226 618; x_wconf 85' lang='lat' dir='ltr'><strong>runt</strong></span> <span class='ocrx_word' id='word_1_14' title='bbox 240 548 347 609; x_wconf 81' lang='lat' dir='ltr'><strong>laurete</strong></span> <span class='ocrx_word' id='word_1_15' title='bbox 360 545 517 607; x_wconf 77' lang='lat' dir='ltr'><em>doctorales</em></span> <span class='ocrx_word' id='word_1_16' title='bbox 531 562 588 623; x_wconf 90' lang='lat' dir='ltr'><strong>pro</strong></span> <span class='ocrx_word' id='word_1_17' title='bbox 602 543 697 605; x_wconf 85' lang='lat' dir='ltr'><strong>variis</strong></span> <span class='ocrx_word' id='word_1_18' title='bbox 711 543 912 606; x_wconf 78' lang='lat' dir='ltr'><strong>facultatibus</strong></span> <span class='ocrx_word' id='word_1_19' title='bbox 926 557 1005 624; x_wconf 85' lang='lat' dir='ltr'><strong>quas</strong></span> <span class='ocrx_word' id='word_1_20' title='bbox 1020 545 1085 608; x_wconf 90' lang='lat' dir='ltr'><strong>ool·</strong></span> 
     </span>
     <span class='ocr_line' id='line_1_4' title="bbox 153 639 1085 723; baseline -0.003 -18"><span class='ocrx_word' id='word_1_21' title='bbox 153 645 236 723; x_wconf 80' lang='lat' dir='ltr'><strong>legia</strong></span> <span class='ocrx_word' id='word_1_22' title='bbox 262 639 429 706; x_wconf 88' lang='lat' dir='ltr'><strong>doctorum</strong></span> <span class='ocrx_word' id='word_1_23' title='bbox 451 639 657 702; x_wconf 89' lang='lat' dir='ltr'><strong>decurialium</strong></span> <span class='ocrx_word' id='word_1_24' title='bbox 683 639 878 719; x_wconf 79' lang='lat' dir='ltr'><strong>singularum</strong></span> <span class='ocrx_word' id='word_1_25' title='bbox 898 639 1085 722; x_wconf 68' lang='lat' dir='ltr'><strong>facultatum</strong></span> 
     </span>
     <span class='ocr_line' id='line_1_5' title="bbox 108 735 1082 818; baseline -0.004 -16"><span class='ocrx_word' id='word_1_26' title='bbox 108 757 111 762; x_wconf 90' lang='lat'>·</span> <span class='ocrx_word' id='word_1_27' title='bbox 153 739 366 802; x_wconf 83' lang='lat' dir='ltr'><strong>conferebant.</strong></span> <span class='ocrx_word' id='word_1_28' title='bbox 385 739 429 799; x_wconf 91' lang='lat' dir='ltr'><strong>Ne</strong></span> <span class='ocrx_word' id='word_1_29' title='bbox 444 743 551 818; x_wconf 88' lang='lat' dir='ltr'><strong>autem</strong></span> <span class='ocrx_word' id='word_1_30' title='bbox 565 738 614 798; x_wconf 83' lang='lat' dir='ltr'><strong>hae</strong></span> <span class='ocrx_word' id='word_1_31' title='bbox 628 736 744 798; x_wconf 86' lang='lat' dir='ltr'><strong>laureae</strong></span> <span class='ocrx_word' id='word_1_32' title='bbox 757 735 945 812; x_wconf 75' lang='lat' dir='ltr'><strong>doctorales,</strong></span> <span class='ocrx_word' id='word_1_33' title='bbox 964 754 1035 816; x_wconf 88' lang='lat' dir='ltr'><strong>quae</strong></span> <span class='ocrx_word' id='word_1_34' title='bbox 1049 738 1082 798; x_wconf 90' lang='lat' dir='ltr'><strong>iu</strong></span> 
     </span>
     <span class='ocr_line' id='line_1_6' title="bbox 153 832 1085 913; baseline -0.005 -12"><span class='ocrx_word' id='word_1_35' title='bbox 153 841 242 901; x_wconf 85' lang='lat' dir='ltr'><strong>tanta</strong></span> <span class='ocrx_word' id='word_1_36' title='bbox 268 837 358 896; x_wconf 87' lang='lat' dir='ltr'><strong>erant</strong></span> <span class='ocrx_word' id='word_1_37' title='bbox 385 833 611 909; x_wconf 83' lang='lat' dir='ltr'><strong>aestimationa,</strong></span> <span class='ocrx_word' id='word_1_38' title='bbox 646 832 821 913; x_wconf 87' lang='lat' dir='ltr'><strong>praesertim</strong></span> <span class='ocrx_word' id='word_1_39' title='bbox 853 832 1021 911; x_wconf 75' lang='lat' dir='ltr'>theologiae</span> <span class='ocrx_word' id='word_1_40' title='bbox 1053 838 1085 896; x_wconf 86' lang='lat' dir='ltr'><strong>et</strong></span> 
     </span>
     <span class='ocr_line' id='line_1_7' title="bbox 153 927 1084 1010; baseline -0.003 -16"><span class='ocrx_word' id='word_1_41' title='bbox 153 931 313 994; x_wconf 79' lang='lat' dir='ltr'><strong>canonicae</strong></span> <span class='ocrx_word' id='word_1_42' title='bbox 325 929 592 1010; x_wconf 79' lang='lat' dir='ltr'><strong>jurisprudentiae,</strong></span> <span class='ocrx_word' id='word_1_43' title='bbox 609 945 666 1006; x_wconf 91' lang='lat' dir='ltr'><strong>pro</strong></span> <span class='ocrx_word' id='word_1_44' title='bbox 677 927 770 990; x_wconf 88' lang='lat' dir='ltr'><strong>rebus</strong></span> <span class='ocrx_word' id='word_1_45' title='bbox 784 927 1002 990; x_wconf 86' lang='lat' dir='ltr'><strong>ecclesiasticis</strong></span> <span class='ocrx_word' id='word_1_46' title='bbox 1013 946 1084 1007; x_wconf 92' lang='lat' dir='ltr'><strong>pro-</strong></span> 
     </span>
     <span class='ocr_line' id='line_1_8' title="bbox 152 1023 1083 1108; baseline -0.003 -19"><span class='ocrx_word' id='word_1_47' title='bbox 152 1029 363 1108; x_wconf 87' lang='lat' dir='ltr'><strong>pendcrcutur</strong></span> <span class='ocrx_word' id='word_1_48' title='bbox 375 1025 523 1104; x_wconf 74' lang='lat' dir='ltr'><strong>indignis,</strong></span> <span class='ocrx_word' id='word_1_49' title='bbox 540 1023 675 1087; x_wconf 74' lang='lat' dir='ltr'><strong>obtinuit</strong></span> <span class='ocrx_word' id='word_1_50' title='bbox 688 1028 723 1085; x_wconf 88' lang='lat' dir='ltr'><strong>ut</strong></span> <span class='ocrx_word' id='word_1_51' title='bbox 743 1023 868 1085; x_wconf 89' lang='lat' dir='ltr'><strong>nonnisi</strong></span> <span class='ocrx_word' id='word_1_52' title='bbox 888 1026 960 1104; x_wconf 89' lang='lat' dir='ltr'><strong>post</strong></span> <span class='ocrx_word' id='word_1_53' title='bbox 982 1026 1083 1104; x_wconf 89' lang='lat' dir='ltr'><strong>quod-</strong></span> 
     </span>
     <span class='ocr_line' id='line_1_9' title="bbox 154 1118 1085 1197; baseline -0.005 -12"><span class='ocrx_word' id='word_1_54' title='bbox 154 1125 228 1185; x_wconf 87' lang='lat' dir='ltr'><strong>dam</strong></span> <span class='ocrx_word' id='word_1_55' title='bbox 241 1118 483 1184; x_wconf 85' lang='lat' dir='ltr'><strong>determinatum</strong></span> <span class='ocrx_word' id='word_1_56' title='bbox 502 1135 657 1179; x_wconf 88' lang='lat' dir='ltr'><strong>annorum</strong></span> <span class='ocrx_word' id='word_1_57' title='bbox 677 1118 878 1197; x_wconf 75' lang='lat' dir='ltr'><strong>tyrocinium,</strong></span> <span class='ocrx_word' id='word_1_58' title='bbox 904 1123 936 1182; x_wconf 88' lang='lat' dir='ltr'><strong>et</strong></span> <span class='ocrx_word' id='word_1_59' title='bbox 950 1121 1085 1181; x_wconf 77' lang='lat' dir='ltr'><strong>&#39;nonnisi</strong></span> 
     </span>
     <span class='ocr_line' id='line_1_10' title="bbox 154 1213 1082 1298; baseline -0.003 -19"><span class='ocrx_word' id='word_1_60' title='bbox 154 1216 324 1298; x_wconf 85' lang='lat' dir='ltr'><strong>pervarias</strong></span> <span class='ocrx_word' id='word_1_61' title='bbox 334 1214 452 1296; x_wconf 82' lang='lat' dir='ltr'><strong>gradus</strong></span> <span class='ocrx_word' id='word_1_62' title='bbox 462 1213 670 1290; x_wconf 88' lang='lat' dir='ltr'><strong>academicos,</strong></span> <span class='ocrx_word' id='word_1_63' title='bbox 681 1213 1082 1289; x_wconf 69' lang='lat' dir='ltr'><strong>‚videlicetboocolacreotaa</strong></span> 
     </span>
     <span class='ocr_line' id='line_1_11' title="bbox 155 1307 1085 1390; baseline -0.003 -17"><span class='ocrx_word' id='word_1_64' title='bbox 155 1312 315 1374; x_wconf 81' lang='lat' dir='ltr'><strong>licentiatos</strong></span> <span class='ocrx_word' id='word_1_65' title='bbox 329 1313 360 1373; x_wconf 90' lang='lat' dir='ltr'><strong>et</strong></span> <span class='ocrx_word' id='word_1_66' title='bbox 374 1308 537 1390; x_wconf 75' lang='lat' dir='ltr'><strong>mopieterie‘</strong></span> <span class='ocrx_word' id='word_1_67' title='bbox 548 1325 604 1370; x_wconf 86' lang='lat' dir='ltr'><strong>sau</strong></span> <span class='ocrx_word' id='word_1_68' title='bbox 618 1307 793 1385; x_wconf 79' lang='lat' dir='ltr'><strong>doctoratus,</strong></span> <span class='ocrx_word' id='word_1_69' title='bbox 808 1309 979 1390; x_wconf 83' lang='lat' dir='ltr'><strong>insiugulis</strong></span> <span class='ocrx_word' id='word_1_70' title='bbox 993 1327 1085 1390; x_wconf 88' lang='lat' dir='ltr'><strong>repe-</strong></span> 
     </span>
     <span class='ocr_line' id='line_1_12' title="bbox 153 1404 828 1471; baseline -0.007 0"><span class='ocrx_word' id='word_1_71' title='bbox 153 1409 210 1471; x_wconf 87' lang='lat' dir='ltr'><strong>tito</strong></span> <span class='ocrx_word' id='word_1_72' title='bbox 225 1412 257 1468; x_wconf 88' lang='lat' dir='ltr'><strong>et</strong></span> <span class='ocrx_word' id='word_1_73' title='bbox 269 1407 420 1470; x_wconf 78' lang='lat' dir='ltr'><strong>severiori</strong></span> <span class='ocrx_word' id='word_1_74' title='bbox 433 1405 576 1467; x_wconf 84' lang='lat' dir='ltr'><strong>examine</strong></span> <span class='ocrx_word' id='word_1_75' title='bbox 591 1404 828 1467; x_wconf 83' lang='lat' dir='ltr'><strong>concederetur.</strong></span> 
     </span>
    </p>

    <p class='ocr_par' dir='ltr' id='par_1_3' title="bbox 154 1499 1084 1869">
     <span class='ocr_line' id='line_1_13' title="bbox 194 1499 1084 1583; baseline -0.002 -19"><span class='ocrx_word' id='word_1_76' title='bbox 194 1505 268 1565; x_wconf 75' lang='lat' dir='ltr'><strong>Hac</strong></span> <span class='ocrx_word' id='word_1_77' title='bbox 283 1503 388 1565; x_wconf 89' lang='lat' dir='ltr'><strong>omnia</strong></span> <span class='ocrx_word' id='word_1_78' title='bbox 405 1502 476 1583; x_wconf 90' lang='lat' dir='ltr'><strong>plus</strong></span> <span class='ocrx_word' id='word_1_79' title='bbox 495 1499 599 1562; x_wconf 86' lang='lat' dir='ltr'><strong>miuus</strong></span> <span class='ocrx_word' id='word_1_80' title='bbox 620 1501 714 1563; x_wconf 89' lang='lat' dir='ltr'><strong>etiam</strong></span> <span class='ocrx_word' id='word_1_81' title='bbox 735 1499 937 1580; x_wconf 85' lang='lat' dir='ltr'><strong>sequentibus</strong></span> <span class='ocrx_word' id='word_1_82' title='bbox 960 1501 1084 1564; x_wconf 78' lang='lat' dir='ltr'><strong>saeculis</strong></span> 
     </span>
     <span class='ocr_line' id='line_1_14' title="bbox 154 1596 1084 1674; baseline -0.001 -15"><span class='ocrx_word' id='word_1_83' title='bbox 154 1601 280 1660; x_wconf 84' lang='lat' dir='ltr'><strong>servata</strong></span> <span class='ocrx_word' id='word_1_84' title='bbox 293 1602 378 1672; x_wconf 91' lang='lat' dir='ltr'><strong>suut;</strong></span> <span class='ocrx_word' id='word_1_85' title='bbox 395 1598 452 1660; x_wconf 90' lang='lat' dir='ltr'><strong>sed</strong></span> <span class='ocrx_word' id='word_1_86' title='bbox 466 1600 560 1659; x_wconf 89' lang='lat' dir='ltr'><strong>aucto</strong></span> <span class='ocrx_word' id='word_1_87' title='bbox 573 1597 738 1659; x_wconf 89' lang='lat' dir='ltr'><strong>doctorum</strong></span> <span class='ocrx_word' id='word_1_88' title='bbox 758 1613 888 1657; x_wconf 88' lang='lat' dir='ltr'><strong>numero</strong></span> <span class='ocrx_word' id='word_1_89' title='bbox 903 1602 935 1658; x_wconf 88' lang='lat' dir='ltr'><strong>at</strong></span> <span class='ocrx_word' id='word_1_90' title='bbox 948 1596 1084 1674; x_wconf 83' lang='lat' dir='ltr'><strong>profusis</strong></span> 
     </span>
     <span class='ocr_line' id='line_1_15' title="bbox 155 1692 1083 1773; baseline 0.001 -20"><span class='ocrx_word' id='word_1_91' title='bbox 155 1693 251 1754; x_wconf 85' lang='lat' dir='ltr'><strong>nimia</strong></span> <span class='ocrx_word' id='word_1_92' title='bbox 271 1693 492 1773; x_wconf 80' lang='lat' dir='ltr'><strong>prodigalitate</strong></span> <span class='ocrx_word' id='word_1_93' title='bbox 516 1693 649 1769; x_wconf 88' lang='lat' dir='ltr'><strong>laureis,</strong></span> <span class='ocrx_word' id='word_1_94' title='bbox 675 1692 846 1767; x_wconf 87' lang='lat' dir='ltr'><strong>viluerunt,</strong></span> <span class='ocrx_word' id='word_1_95' title='bbox 870 1693 997 1754; x_wconf 86' lang='lat' dir='ltr'><strong>atinde</strong></span> <span class='ocrx_word' id='word_1_96' title='bbox 1020 1709 1083 1754; x_wconf 90' lang='lat' dir='ltr'><strong>nou</strong></span> 
     </span>
     <span class='ocr_line' id='line_1_16' title="bbox 154 1786 894 1869; baseline 0 -21"><span class='ocrx_word' id='word_1_97' title='bbox 154 1787 288 1868; x_wconf 84' lang='lat' dir='ltr'><strong>amplius</strong></span> <span class='ocrx_word' id='word_1_98' title='bbox 302 1790 390 1850; x_wconf 83' lang='lat' dir='ltr'><strong>tauta</strong></span> <span class='ocrx_word' id='word_1_99' title='bbox 403 1787 462 1849; x_wconf 91' lang='lat' dir='ltr'><strong>illis</strong></span> <span class='ocrx_word' id='word_1_100' title='bbox 475 1788 707 1867; x_wconf 88' lang='lat' dir='ltr'><strong>responderunt</strong></span> <span class='ocrx_word' id='word_1_101' title='bbox 719 1786 894 1869; x_wconf 81' lang='lat' dir='ltr'><strong>privilegia.</strong></span> 
     </span>
    </p>

    <p class='ocr_par' dir='ltr' id='par_1_4' title="bbox 154 1880 1085 2332">
     <span class='ocr_line' id='line_1_17' title="bbox 194 1880 1082 1963; baseline -0.002 -19"><span class='ocrx_word' id='word_1_102' title='bbox 194 1885 295 1963; x_wconf 82' lang='lat' dir='ltr'><strong>Reges</strong></span> <span class='ocrx_word' id='word_1_103' title='bbox 309 1883 403 1944; x_wconf 90' lang='lat' dir='ltr'><strong>etiam</strong></span> <span class='ocrx_word' id='word_1_104' title='bbox 417 1880 672 1945; x_wconf 81' lang='lat' dir='ltr'><strong>universitatibus</strong></span> <span class='ocrx_word' id='word_1_105' title='bbox 693 1881 853 1962; x_wconf 86' lang='lat' dir='ltr'><strong>singulare</strong></span> <span class='ocrx_word' id='word_1_106' title='bbox 873 1884 905 1943; x_wconf 89' lang='lat' dir='ltr'><strong>et</strong></span> <span class='ocrx_word' id='word_1_107' title='bbox 924 1881 1082 1961; x_wconf 80' lang='lat' dir='ltr'><strong>peculiare</strong></span> 
     </span>
     <span class='ocr_line' id='line_1_18' title="bbox 155 1977 1083 2060; baseline -0.002 -20"><span class='ocrx_word' id='word_1_108' title='bbox 155 1978 347 2058; x_wconf 76' lang='lat' dir='ltr'><strong>praesidium,</strong></span> <span class='ocrx_word' id='word_1_109' title='bbox 363 1981 551 2060; x_wconf 88' lang='lat' dir='ltr'><strong>potestatam</strong></span> <span class='ocrx_word' id='word_1_110' title='bbox 566 1978 743 2058; x_wconf 85' lang='lat' dir='ltr'><strong>delegatam</strong></span> <span class='ocrx_word' id='word_1_111' title='bbox 757 1979 787 2040; x_wconf 87' lang='lat' dir='ltr'><strong>ct</strong></span> <span class='ocrx_word' id='word_1_112' title='bbox 802 1977 1033 2056; x_wconf 88' lang='lat' dir='ltr'><strong>exemptionem</strong></span> <span class='ocrx_word' id='word_1_113' title='bbox 1043 1977 1083 2038; x_wconf 87' lang='lat' dir='ltr'><strong>ub</strong></span> 
     </span>
     <span class='ocr_line' id='line_1_19' title="bbox 155 2075 1085 2155; baseline -0.005 -15"><span class='ocrx_word' id='word_1_114' title='bbox 155 2075 304 2140; x_wconf 80' lang='lat' dir='ltr'><strong>oneribus</strong></span> <span class='ocrx_word' id='word_1_115' title='bbox 336 2075 480 2155; x_wconf 90' lang='lat' dir='ltr'><strong>publicis,</strong></span> <span class='ocrx_word' id='word_1_116' title='bbox 519 2075 736 2150; x_wconf 85' lang='lat' dir='ltr'><strong>indulserunt;</strong></span> <span class='ocrx_word' id='word_1_117' title='bbox 766 2075 850 2136; x_wconf 90' lang='lat' dir='ltr'><strong>unda</strong></span> <span class='ocrx_word' id='word_1_118' title='bbox 873 2083 1085 2137; x_wconf 74' lang='lat' dir='ltr'><strong>consecuturos</strong></span> 
     </span>
     <span class='ocr_line' id='line_1_20' title="bbox 155 2170 1084 2252; baseline -0.002 -16"><span class='ocrx_word' id='word_1_119' title='bbox 155 2175 268 2236; x_wconf 86' lang='lat' dir='ltr'><strong>horum</strong></span> <span class='ocrx_word' id='word_1_120' title='bbox 282 2172 516 2252; x_wconf 75' lang='lat' dir='ltr'><strong>privilegiorum</strong></span> <span class='ocrx_word' id='word_1_121' title='bbox 536 2172 587 2234; x_wconf 91' lang='lat' dir='ltr'><strong>vel</strong></span> <span class='ocrx_word' id='word_1_122' title='bbox 600 2171 760 2251; x_wconf 83' lang='lat' dir='ltr'><strong>regiorum</strong></span> <span class='ocrx_word' id='word_1_123' title='bbox 773 2170 823 2234; x_wconf 87' lang='lat' dir='ltr'><strong>val</strong></span> <span class='ocrx_word' id='word_1_124' title='bbox 838 2171 1084 2252; x_wconf 86' lang='lat' dir='ltr'><strong>apostolicorum</strong></span> 
     </span>
     <span class='ocr_line' id='line_1_21' title="bbox 154 2269 345 2332; baseline 0.005 -1"><span class='ocrx_word' id='word_1_125' title='bbox 154 2269 345 2332; x_wconf 87' lang='lat' dir='ltr'><strong>habueruut.</strong></span> 
     </span>
    </p>

    <p class='ocr_par' dir='ltr' id='par_1_5' title="bbox 539 2361 702 2417">
     <span class='ocr_line' id='line_1_22' title="bbox 539 2361 702 2417; baseline -0.012 -11"><span class='ocrx_word' id='word_1_126' title='bbox 539 2361 586 2406; x_wconf 91' lang='lat'>111.</span> <span class='ocrx_word' id='word_1_127' title='bbox 599 2361 702 2417; x_wconf 73' lang='lat' dir='ltr'><strong>collegia.</strong></span> 
     </span>
    </p>

    <p class='ocr_par' dir='ltr' id='par_1_6' title="bbox 154 2460 1085 3591">
     <span class='ocr_line' id='line_1_23' title="bbox 194 2460 1083 2541; baseline -0.004 -15"><span class='ocrx_word' id='word_1_128' title='bbox 194 2465 247 2526; x_wconf 89' lang='lat' dir='ltr'><strong>XI.</strong></span> <span class='ocrx_word' id='word_1_129' title='bbox 265 2463 327 2526; x_wconf 88' lang='lat' dir='ltr'><strong>Sed</strong></span> <span class='ocrx_word' id='word_1_130' title='bbox 341 2465 430 2526; x_wconf 85' lang='lat' dir='ltr'><strong>tauta</strong></span> <span class='ocrx_word' id='word_1_131' title='bbox 443 2461 681 2524; x_wconf 85' lang='lat' dir='ltr'><strong>universitatum</strong></span> <span class='ocrx_word' id='word_1_132' title='bbox 694 2460 789 2536; x_wconf 88' lang='lat' dir='ltr'><strong>fama,</strong></span> <span class='ocrx_word' id='word_1_133' title='bbox 804 2461 997 2523; x_wconf 88' lang='lat' dir='ltr'><strong>institutione</strong></span> <span class='ocrx_word' id='word_1_134' title='bbox 1014 2461 1083 2541; x_wconf 90' lang='lat' dir='ltr'><strong>plu-</strong></span> 
     </span>
     <span class='ocr_line' id='line_1_24' title="bbox 155 2552 1085 2618; baseline 0 -2"><span class='ocrx_word' id='word_1_135' title='bbox 155 2556 305 2617; x_wconf 87' lang='lat' dir='ltr'><strong>rimarum</strong></span> <span class='ocrx_word' id='word_1_136' title='bbox 328 2555 461 2617; x_wconf 82' lang='lat' dir='ltr'><strong>aliarum</strong></span> <span class='ocrx_word' id='word_1_137' title='bbox 482 2554 719 2616; x_wconf 83' lang='lat' dir='ltr'><strong>universitatum</strong></span> <span class='ocrx_word' id='word_1_138' title='bbox 734 2553 775 2616; x_wconf 89' lang='lat' dir='ltr'><strong>ad</strong></span> <span class='ocrx_word' id='word_1_139' title='bbox 790 2552 996 2618; x_wconf 87' lang='lat' dir='ltr'><strong>imitationem</strong></span> <span class='ocrx_word' id='word_1_140' title='bbox 1014 2553 1085 2616; x_wconf 91' lang='lat' dir='ltr'><strong>illa-</strong></span> 
     </span>
     <span class='ocr_line' id='line_1_25' title="bbox 154 2649 1083 2730; baseline -0.001 -18"><span class='ocrx_word' id='word_1_141' title='bbox 154 2654 240 2727; x_wconf 84' lang='lat' dir='ltr'><strong>rum,</strong></span> <span class='ocrx_word' id='word_1_142' title='bbox 257 2651 397 2713; x_wconf 86' lang='lat' dir='ltr'><strong>decrevit</strong></span> <span class='ocrx_word' id='word_1_143' title='bbox 420 2667 516 2730; x_wconf 87' lang='lat' dir='ltr'><strong>quam</strong></span> <span class='ocrx_word' id='word_1_144' title='bbox 538 2650 690 2721; x_wconf 87' lang='lat' dir='ltr'><strong>maxime;</strong></span> <span class='ocrx_word' id='word_1_145' title='bbox 716 2649 814 2711; x_wconf 90' lang='lat' dir='ltr'><strong>multo</strong></span> <span class='ocrx_word' id='word_1_146' title='bbox 836 2649 936 2730; x_wconf 79' lang='lat' dir='ltr'><strong>magis</strong></span> <span class='ocrx_word' id='word_1_147' title='bbox 958 2649 1083 2712; x_wconf 87' lang='lat' dir='ltr'><strong>iustitu-</strong></span> 
     </span>
     <span class='ocr_line' id='line_1_26' title="bbox 154 2745 675 2833; baseline -0.008 -23"><span class='ocrx_word' id='word_1_148' title='bbox 154 2748 238 2810; x_wconf 88' lang='lat' dir='ltr'><strong>tioue</strong></span> <span class='ocrx_word' id='word_1_149' title='bbox 254 2745 469 2824; x_wconf 81' lang='lat' dir='ltr'><strong>collegiorum.</strong></span> <span class='ocrx_word' id='word_1_150' title='bbox 672 2828 675 2833; x_wconf 21' lang='grc' dir='ltr'>Ι</span> 
     </span>
     <span class='ocr_line' id='line_1_27' title="bbox 166 2840 1084 2922; baseline 0 -19"><span class='ocrx_word' id='word_1_151' title='bbox 166 2881 170 2890; x_wconf 89' lang='lat'>·</span> <span class='ocrx_word' id='word_1_152' title='bbox 194 2841 285 2916; x_wconf 79' lang='lat' dir='ltr'><strong>Dicta</strong></span> <span class='ocrx_word' id='word_1_153' title='bbox 302 2841 430 2904; x_wconf 86' lang='lat' dir='ltr'><strong>inerunt</strong></span> <span class='ocrx_word' id='word_1_154' title='bbox 451 2840 584 2920; x_wconf 85' lang='lat' dir='ltr'><strong>collegia</strong></span> <span class='ocrx_word' id='word_1_155' title='bbox 606 2842 849 2906; x_wconf 83' lang='lat' dir='ltr'><strong>communitates</strong></span> <span class='ocrx_word' id='word_1_156' title='bbox 873 2841 922 2904; x_wconf 89' lang='lat' dir='ltr'><strong>val</strong></span> <span class='ocrx_word' id='word_1_157' title='bbox 948 2843 1084 2922; x_wconf 89' lang='lat' dir='ltr'><strong>hospitia</strong></span> 
     </span>
     <span class='ocr_line' id='line_1_28' title="bbox 154 2937 1084 3020; baseline -0.002 -20"><span class='ocrx_word' id='word_1_158' title='bbox 154 2938 372 3020; x_wconf 85' lang='lat' dir='ltr'><strong>religiosorum</strong></span> <span class='ocrx_word' id='word_1_159' title='bbox 387 2938 440 3019; x_wconf 89' lang='lat' dir='ltr'><strong>qui</strong></span> <span class='ocrx_word' id='word_1_160' title='bbox 453 2937 629 3000; x_wconf 89' lang='lat' dir='ltr'><strong>litterarum</strong></span> <span class='ocrx_word' id='word_1_161' title='bbox 648 2955 742 2999; x_wconf 86' lang='lat' dir='ltr'><strong>causa</strong></span> <span class='ocrx_word' id='word_1_162' title='bbox 756 2937 886 3000; x_wconf 86' lang='lat' dir='ltr'><strong>adibant</strong></span> <span class='ocrx_word' id='word_1_163' title='bbox 906 2938 1084 3000; x_wconf 86' lang='lat' dir='ltr'><strong>academias</strong></span> 
     </span>
     <span class='ocr_line' id='line_1_29' title="bbox 154 3033 1083 3114; baseline -0.001 -19"><span class='ocrx_word' id='word_1_164' title='bbox 154 3035 305 3114; x_wconf 88' lang='lat' dir='ltr'><strong>publicas,</strong></span> <span class='ocrx_word' id='word_1_165' title='bbox 336 3051 391 3095; x_wconf 88' lang='lat' dir='ltr'><strong>seu</strong></span> <span class='ocrx_word' id='word_1_166' title='bbox 419 3033 637 3096; x_wconf 86' lang='lat' dir='ltr'><strong>universitates</strong></span> <span class='ocrx_word' id='word_1_167' title='bbox 664 3033 840 3095; x_wconf 88' lang='lat' dir='ltr'><strong>studiorum</strong></span> <span class='ocrx_word' id='word_1_168' title='bbox 859 3041 897 3096; x_wconf 87' lang='lat' dir='ltr'><strong>ut</strong></span> <span class='ocrx_word' id='word_1_169' title='bbox 920 3053 939 3096; x_wconf 92' lang='lat' dir='ltr'><strong>a</strong></span> <span class='ocrx_word' id='word_1_170' title='bbox 962 3034 1083 3102; x_wconf 87' lang='lat' dir='ltr'><strong>caeteris</strong></span> 
     </span>
     <span class='ocr_line' id='line_1_30' title="bbox 154 3130 1081 3211; baseline 0.001 -21"><span class='ocrx_word' id='word_1_171' title='bbox 154 3130 347 3192; x_wconf 82' lang='lat' dir='ltr'><strong>secularibus</strong></span> <span class='ocrx_word' id='word_1_172' title='bbox 366 3130 526 3210; x_wconf 90' lang='lat' dir='ltr'><strong>discipulis</strong></span> <span class='ocrx_word' id='word_1_173' title='bbox 545 3133 709 3192; x_wconf 89' lang='lat' dir='ltr'><strong>manerent</strong></span> <span class='ocrx_word' id='word_1_174' title='bbox 727 3131 864 3211; x_wconf 86' lang='lat' dir='ltr'><strong>separati</strong></span> <span class='ocrx_word' id='word_1_175' title='bbox 877 3131 910 3193; x_wconf 92' lang='lat' dir='ltr'><strong>in</strong></span> <span class='ocrx_word' id='word_1_176' title='bbox 925 3131 1049 3193; x_wconf 83' lang='lat' dir='ltr'><strong>convici</strong></span> <span class='ocrx_word' id='word_1_177' title='bbox 1073 3173 1081 3191; x_wconf 91' lang='lat'><strong>.</strong></span> 
     </span>
     <span class='ocr_line' id='line_1_31' title="bbox 154 3227 1083 3308; baseline -0.001 -21"><span class='ocrx_word' id='word_1_178' title='bbox 154 3229 267 3291; x_wconf 87' lang='lat' dir='ltr'><strong>Postea</strong></span> <span class='ocrx_word' id='word_1_179' title='bbox 280 3227 393 3288; x_wconf 85' lang='lat' dir='ltr'><strong>similia</strong></span> <span class='ocrx_word' id='word_1_180' title='bbox 407 3231 480 3290; x_wconf 89' lang='lat' dir='ltr'><strong>sunt</strong></span> <span class='ocrx_word' id='word_1_181' title='bbox 492 3228 634 3291; x_wconf 89' lang='lat' dir='ltr'><strong>instituta</strong></span> <span class='ocrx_word' id='word_1_182' title='bbox 647 3228 679 3288; x_wconf 92' lang='lat' dir='ltr'><strong>in</strong></span> <span class='ocrx_word' id='word_1_183' title='bbox 693 3228 827 3308; x_wconf 78' lang='lat' dir='ltr'><strong>gratiam</strong></span> <span class='ocrx_word' id='word_1_184' title='bbox 841 3245 1015 3308; x_wconf 88' lang='lat' dir='ltr'><strong>pauperum</strong></span> <span class='ocrx_word' id='word_1_185' title='bbox 1030 3227 1083 3306; x_wconf 87' lang='lat' dir='ltr'><strong>qui</strong></span> 
     </span>
     <span class='ocr_line' id='line_1_32' title="bbox 154 3323 1085 3404; baseline 0 -20"><span class='ocrx_word' id='word_1_186' title='bbox 154 3323 214 3400; x_wconf 89' lang='lat' dir='ltr'><strong>ipsi</strong></span> <span class='ocrx_word' id='word_1_187' title='bbox 227 3325 323 3385; x_wconf 88' lang='lat' dir='ltr'><strong>semel</strong></span> <span class='ocrx_word' id='word_1_188' title='bbox 338 3327 427 3387; x_wconf 83' lang='lat' dir='ltr'><strong>extra</strong></span> <span class='ocrx_word' id='word_1_189' title='bbox 440 3324 575 3402; x_wconf 87' lang='lat' dir='ltr'><strong>patriam</strong></span> <span class='ocrx_word' id='word_1_190' title='bbox 594 3323 762 3388; x_wconf 86' lang='lat' dir='ltr'><strong>sustentari</strong></span> <span class='ocrx_word' id='word_1_191' title='bbox 784 3331 847 3385; x_wconf 89' lang='lat' dir='ltr'><strong>nou</strong></span> <span class='ocrx_word' id='word_1_192' title='bbox 870 3328 1027 3404; x_wconf 87' lang='lat' dir='ltr'><strong>poterant,</strong></span> <span class='ocrx_word' id='word_1_193' title='bbox 1053 3325 1085 3384; x_wconf 90' lang='lat' dir='ltr'><strong>et</strong></span> 
     </span>
     <span class='ocr_line' id='line_1_33' title="bbox 154 3417 1082 3498; baseline 0.002 -21"><span class='ocrx_word' id='word_1_194' title='bbox 154 3417 304 3495; x_wconf 90' lang='lat' dir='ltr'><strong>pleraque</strong></span> <span class='ocrx_word' id='word_1_195' title='bbox 333 3421 490 3479; x_wconf 85' lang='lat' dir='ltr'><strong>certarum</strong></span> <span class='ocrx_word' id='word_1_196' title='bbox 518 3418 701 3480; x_wconf 83' lang='lat' dir='ltr'><strong>dioecesium</strong></span> <span class='ocrx_word' id='word_1_197' title='bbox 733 3419 866 3481; x_wconf 85' lang='lat' dir='ltr'><strong>alumnis</strong></span> <span class='ocrx_word' id='word_1_198' title='bbox 894 3418 1082 3498; x_wconf 89' lang='lat' dir='ltr'><strong>recipiendis</strong></span> 
     </span>
     <span class='ocr_line' id='line_1_34' title="bbox 155 3511 1082 3591; baseline 0.002 -22"><span class='ocrx_word' id='word_1_199' title='bbox 155 3511 259 3582; x_wconf 82' lang='lat' dir='ltr'><strong>dicata</strong></span> <span class='ocrx_word' id='word_1_200' title='bbox 272 3513 354 3571; x_wconf 88' lang='lat' dir='ltr'><strong>sunt.</strong></span> <span class='ocrx_word' id='word_1_201' title='bbox 371 3511 528 3590; x_wconf 81' lang='lat' dir='ltr'><strong>Cujusque</strong></span> <span class='ocrx_word' id='word_1_202' title='bbox 543 3511 666 3591; x_wconf 83' lang='lat' dir='ltr'><strong>collegii</strong></span> <span class='ocrx_word' id='word_1_203' title='bbox 686 3512 805 3575; x_wconf 87' lang='lat' dir='ltr'><strong>alumni</strong></span> <span class='ocrx_word' id='word_1_204' title='bbox 825 3512 983 3574; x_wconf 88' lang='lat' dir='ltr'><strong>communi</strong></span> <span class='ocrx_word' id='word_1_205' title='bbox 997 3512 1082 3575; x_wconf 89' lang='lat' dir='ltr'><strong>victu</strong></span> 
     </span>
    </p>
   </div>
   <div class='ocr_carea' id='block_1_3' title="bbox 0 0 1272 4016">
    <p class='ocr_par' dir='ltr' id='par_1_7' title="bbox 0 0 1272 4016">
     <span class='ocr_line' id='line_1_35' title="bbox 0 0 1272 4016; baseline 0 0"><span class='ocrx_word' id='word_1_206' title='bbox 0 0 1272 4016; x_wconf 95' lang='lat' dir='ltr'><strong> </strong></span> 
     </span>
    </p>
   </div>
  </div>
 </body>
</html>
