2476 4022
223 291 225 296 -
344 263 382 308 uu
403 263 532 310 orauere
552 261 633 310 sums
655 263 809 310 errones.
1004 249 1042 306 25
1170 225 1173 232 λ

96 403 218 465 turalc
231 407 302 465 sunt
315 403 375 464 suh
390 423 466 465 cura
481 408 646 483 pareutum
661 403 810 484 quamdiu
825 403 885 482 ipsi
898 403 957 464 sihi
972 421 1046 482 pro·

97 497 225 557 videre
247 489 310 558 non
334 505 483 576 possuul;
510 509 541 558 et
567 504 733 578 propterea
761 503 871 560 oontru
894 497 1046 578 justitiam

98 590 290 650 naturalem
304 596 388 653 esset
401 591 427 652 si
442 592 622 672 hujusmodi
636 593 725 671 pueri
740 591 845 652 invitis
864 593 1046 670 parentibus

98 683 360 761 baptizarentur.
378 687 493 746 Contra
513 703 589 748 varo
611 687 637 746 si
655 688 790 748 liberum
811 687 949 748 habeant
966 686 1045 747 arhi-

102 778 167 842 trii
190 797 290 854 usum,
315 785 347 840 et
366 779 425 858 ipsi
446 780 506 842 sibi
523 781 645 860 possint
663 781 848 860 providere;
871 788 945 842 tunc
965 781 1048 842 enim

103 871 232 932 debent
246 891 266 932 a
279 874 463 951 parentibus
477 876 648 954 segregari,
672 883 704 936 et
724 875 850 938 libcrari
872 876 912 937 ab
933 875 1049 956 injusta

103 971 281 1032 vexatione
292 975 324 1032 et
332 971 449 1051 injusto
459 972 591 1052 imperio
602 980 634 1033 et
643 975 739 1034 sacris
750 973 906 1052 mysteriis
919 973 1046 1052 initiari,

105 1084 175 1126 nec
188 1065 338 1143 baptizati
352 1071 418 1127 tam
431 1067 521 1128 facile
535 1069 717 1148 parentibus
731 1069 865 1145 restitui,
882 1087 920 1130 uc
934 1071 1048 1131 iterum
1127 1085 1132 1094 ’

107 1160 156 1222 ob
170 1163 339 1238 paternum
353 1162 501 1222 affectum
511 1161 553 1222 ad
563 1162 771 1242 abjurandam
781 1163 965 1242 religionem
979 1183 1049 1244 pro·

108 1261 280 1316 vocentur.
297 1257 343 1316 Ita
358 1257 392 1317 S.
408 1257 467 1316 rh.
483 1257 543 1318 loc.
560 1257 612 1318 cit.
631 1276 639 1318 :
661 1279 675 1316 u
690 1260 848 1332 Quantum
863 1257 905 1318 ad
923 1276 961 1318 ea
979 1275 1050 1338 quae

110 1354 192 1412 sunt
202 1349 283 1430 juris
298 1350 395 1412 divini
409 1351 460 1412 vel
473 1352 636 1428 naturalis,
653 1353 807 1432 incipiunt
819 1352 876 1412 filii
889 1352 947 1412 sub
959 1361 1052 1432 potes-

113 1454 177 1506 tate
191 1461 270 1521 esse,
288 1452 319 1506 et
333 1445 404 1505 ideo
420 1446 548 1524 propria
562 1448 721 1510 voluntate
734 1451 867 1528 possunt
879 1445 984 1508 invitis
998 1464 1052 1526 pa·

114 1541 261 1603 rentibus
275 1541 432 1620 baptisma
445 1542 615 1621 suscipere.
634 1565 649 1602 u

160 1636 203 1696 Ut
216 1631 340 1710 videtis,
357 1637 423 1694 tota
437 1632 531 1714 hujus
546 1634 718 1714 discipliuae
732 1635 813 1697 ratio
827 1634 860 1696 iu
879 1651 915 1696 eo
935 1633 1053 1698 consis-

116 1732 169 1808 tit,
186 1747 226 1790 nc
237 1729 333 1809 patris
345 1731 482 1810 potestati
494 1728 650 1809 ueroqetur
660 1749 671 1792 .·
683 1730 756 1792 inde
771 1730 913 1811 sequitur
927 1730 1012 1811 quod
1027 1729 1053 1791 si

117 1827 189 1888 sine
204 1824 384 1905 hujusmodi
400 1825 586 1888 detrimento
601 1826 774 1906 baptismus
793 1826 890 1906 possit
904 1824 1051 1901 conferri,

116 1926 227 1987 liceat.
244 1927 274 1984 l⁰
290 1923 323 1984 Si
337 1929 428 2002 pater
442 1925 491 1984 vel
505 1923 587 1985 filius
606 1925 766 1986 christiani
786 1924 975 2004 mancipium
994 1923 1051 1994 sit;

117 2026 151 2084 2⁰
176 2038 273 2100 quum
296 2038 316 2080 a
339 2020 520 2098 parentibus
544 2021 676 2102 projecti
698 2023 729 2082 et
754 2020 894 2083 derelicti
917 2026 1000 2097 sunt,
1023 2023 1056 2082 et
1155 2073 1158 2080 .

50 2173 59 2186 ,
119 2115 275 2195 expositi;
298 2118 330 2176 3ο
349 2115 381 2175 iu
400 2115 471 2177 vitae
491 2116 648 2194 periculo;
669 2120 700 2177 4⁰
720 2116 805 2197 quod
820 2117 934 2178 dicitur
948 2115 986 2176 de
1001 2133 1055 2196 pa-

119 2211 276 2287 rentibus,
300 2210 424 2271 dicatur
445 2210 484 2271 dc
508 2211 683 2286 tutoribus;
706 2214 738 2272 5⁰
761 2211 834 2270 licet
856 2209 882 2270 si
905 2208 1055 2270 unusual

121 2309 203 2371 ulter
216 2312 385 2386 parentum
399 2305 572 2382 dissentiat,
589 2306 646 2368 sed
659 2307 739 2368 alter
753 2302 938 2378 consentiat,
955 2303 995 2361 ob
1009 2303 1057 2362 la·

121 2420 233 2466 vorem
246 2401 322 2463 fidei
337 2401 412 2482 (duo
427 2402 632 2472 attenduntur
648 2421 655 2462 :
678 2403 816 2480 potestas
834 2397 866 2457 iu
882 2396 1009 2487 liberos,
1026 2399 1058 2457 et

121 2498 214 2560 favor
231 2495 330 2574 fidei).
348 2499 434 2557 Avus
452 2502 602 2575 paternus
620 2500 723 2575 potest
745 2495 856 2556 offerre
878 2491 919 2554 ad
937 2490 1057 2570 baptis·
1113 2565 1116 2572 Ι

123 2611 212 2668 mum
234 2597 382 2672 nepotem
403 2596 435 2654 et
454 2597 592 2672 neptem,
612 2591 759 2653 defuncto
777 2595 867 2671 patre
886 2591 918 2651 ot
936 2587 1056 2649 dissen-

124 2691 222 2754 tiente
231 2694 345 2767 matre,
358 2693 389 2751 et
398 2690 487 2751 multi
497 2696 570 2750 sunt
579 2689 633 2768 qui
646 2687 678 2748 id
688 2687 756 2749 fieri
767 2704 857 2766 posse
872 2685 1055 2762 defenduut,

125 2809 223 2872 quum
245 2789 339 2850 ambo
358 2797 506 2870 parentes
527 2789 658 2869 sospitas
673 2792 752 2860 ‚sunt
771 2794 803 2848 et
823 2786 916 2848 ambo
936 2786 1058 2850 disson-

124 2885 217 2962 tiuut.
232 2886 311 2948 Avia
327 2891 459 2966 paterna
473 2890 586 2966 potest,
604 2885 746 2966 quamvis
760 2890 862 2945 mater
875 2885 1058 2962 tutoresque

126 2983 323 3046 dissentiant.
719 3039 722 3044 Α

166 3079 322 3161 Aliqualis
335 3080 444 3142 matris
457 3083 595 3159 potestas
608 3086 731 3142 tantum
750 3079 873 3160 pondus
886 3074 1000 3154 accipit
1013 3073 1028 3134 l
1044 3105 1059 3120 -

127 3195 202 3240 vore
213 3175 301 3251 fidei,
313 3183 349 3238 ut
358 3177 463 3238 vincat
471 3177 606 3256 patriam
615 3179 802 3255 potestatem
811 3172 1056 3236 dissentientem.

127 3275 209 3340 Avia
229 3275 290 3336 suh
311 3271 519 3356 appellatione
539 3282 704 3360 pareutum
726 3272 1012 3350 comprehenditur,
1029 3278 1061 3332 et

130 3391 192 3434 nou
208 3377 256 3434 est
269 3390 356 3434 mere
372 3369 619 3451 extranea,'quae
638 3371 704 3450 ogit
724 3369 767 3430 oh
784 3385 905 3443 merum
921 3367 1061 3430 favorem

130 3467 205 3532 fidei
233 3488 240 3531 :
266 3467 356 3530 favor
379 3467 454 3529 fidei
472 3467 616 3548 jungitur
639 3463 732 3528 alicui
754 3462 893 3546 legitimo
915 3461 1005 3524 titulo
1027 3465 1062 3520 ut

218 3583 284 3625 rou.
304 3583 334 3624 11.
954 3563 972 3616 2
