2530 4016
364 293 402 339 nn
425 293 553 341 cornero
573 295 656 342 sums
678 296 833 345 cnuonmr.
1004 291 1061 350 293

129 440 294 503 Proximus
309 440 415 500 autem
428 441 534 500 noster
549 438 664 502 dicitur
682 439 813 520 quilibet
833 442 974 522 ejusdem
992 447 1063 508 finis

129 533 345 614 consequendi
359 533 439 612 potis
462 537 518 596 est.
542 534 599 594 Hic
619 541 726 595 autem
745 538 935 614 potestesse
957 543 1063 600 autin

107 631 277 715 praesenti
298 631 403 692 autin
427 629 525 691 alteru
548 630 624 707 vita,
647 647 722 692 nam
743 649 828 694 mors
851 632 1021 696 christiana
1044 657 1063 698 a

129 731 192 792 fine
207 730 314 790 nostro
329 727 439 790 ultimo
453 744 516 788 non
532 727 656 803 euertit,
671 729 767 790 immo
787 729 861 792 lacit
875 733 909 793 ut
928 730 969 791 ad
989 750 1062 792 eum

130 819 338 884 obtinendum
352 819 559 880 accedamus:
578 818 718 900 quandiu
733 821 817 881 enim
831 840 940 884 sumus
949 824 981 885 in
993 841 1064 886 cor-

132 933 221 996 pore,
238 915 477 995 peregrinamur
494 916 671 993 aDomino‚
686 917 713 977 ll
732 917 870 980 Corinth.
896 936 927 996 v,
952 923 980 982 8.
1007 939 1065 999 per

130 1015 227 1078 fidem
247 1015 331 1075 enim
355 1014 560 1097 ambulamus
574 1021 606 1078 et
628 1032 690 1076 non
714 1033 772 1095 per
794 1008 952 1096 speciem
979 1019 1063 1080 unde
1090 1081 1093 1088 ,

131 1110 284 1174 audemus
299 1112 331 1172 et
344 1110 461 1172 honam
475 1112 669 1178 voluntatem
683 1112 838 1174 habemus
857 1115 959 1195 magis
973 1133 1065 1194 pere-

131 1207 249 1286 grinari
264 1225 283 1268 a
297 1225 427 1287 corpore
442 1213 474 1268 et
487 1211 657 1286 presentes
668 1227 736 1270 esse
747 1209 788 1270 ad
798 1210 974 1272 Dominum.
985 1213 1064 1273 Gum

132 1323 207 1387 crgo
222 1324 307 1368 mors
327 1306 498 1369 christiana
525 1306 688 1370 charitatis
716 1307 842 1368 vincula
860 1326 923 1369 non
945 1308 1061 1385 solvat,
1116 1300 1123 1314 '

129 1398 204 1460 inde
219 1399 403 1462 exercitium
417 1399 579 1462 charitatis
596 1399 629 1461 in
643 1400 821 1479 proximum
836 1403 940 1480 potest
958 1404 1063 1482 quoad

130 1495 220 1558 vivos
235 1500 267 1557 et
280 1496 386 1574 quoad
400 1501 541 1558 mortuos
560 1495 764 1575 considerari,
782 1496 866 1558 unde
885 1497 917 1557 iu
933 1497 996 1559 dua
1014 1516 1064 1559 ca·

130 1590 231 1670 pitulo
245 1606 384 1671 praesens
397 1592 543 1656 tractatio
558 1591 718 1654 dividitur.

439 1773 606 1820 nnmcuuus
627 1775 747 1822 ramus

145 1887 190 1951 De
211 1889 294 1951 redas
307 1889 454 1952 ordinatis
469 1891 509 1952 od
521 1889 694 1954 edacitatem
708 1893 740 1954 io
753 1893 831 1954 vicos
845 1895 1044 1959 exercendem.

172 2023 343 2087 Salvatoris
353 2025 507 2087 sententia
517 2026 629 2088 edocta
638 2026 778 2088 Ecclesia
790 2047 796 2088 :
809 2027 864 2089 Ec
877 2027 930 2088 too
943 2047 1061 2110 capnos-

33 2157 38 2166 ·
132 2129 197 2182 cent
220 2139 316 2182 omnes
339 2120 418 2202 quod
439 2120 578 2203 diserpuli
598 2121 656 2182 orei
676 2121 758 2183 eritis
777 2121 805 2183 si
816 2122 988 2184 claritatem
1008 2125 1064 2185 Ιια-
1143 2177 1146 2184 .

133 2215 252 2278 bueritie
278 2215 319 2276 ad
343 2215 482 2296 invicem,
511 2218 695 2280 incredibile
728 2222 776 2281 est
803 2225 920 2300 quanto
957 2221 1063 2283 studio

132 2314 294 2377 charitatis
309 2319 339 2377 et
352 2315 592 2394 beneficientia,
605 2316 743 2386 studium
752 2317 785 2378 iu
800 2318 979 2398 proximum
993 2337 1066 2380 nos-

131 2411 217 2471 trum
239 2412 432 2487 promoverit
456 2417 487 2474 at
508 2431 604 2494 opera
625 2413 849 2475 misericordiae
864 2417 931 2476 tum
955 2431 1065 2494 eorpo-

132 2505 207 2567 ralis
220 2511 288 2569 tum
302 2507 472 2587 spiritualis
487 2510 527 2571 ad
538 2510 715 2588 proximum
725 2513 868 2572 nostrum
874 2509 1062 2590 juvandum.

132 2603 217 2664 luter
230 2605 345 2666 caetera
363 2605 505 2667 instituta
520 2605 582 2667 duo
598 2607 794 2668 emicuerunt
808 2625 877 2686 qua
898 2607 1066 2687 specialem

132 2700 352 2762 tractationem
368 2701 548 2764 desiderant
563 2702 709 2765 videlicet
725 2723 731 2765 :

173 2796 203 2852 1⁰
217 2792 362 2856 Instituta
375 2794 601 2856 beneficientiae
617 2795 649 2855 in
663 2814 830 2876 pauperes.

156 2883 204 2946 '2⁰
218 2887 364 2949 Instituta
382 2887 553 2965 litteraria,
575 2887 754 2951 scientificae
774 2891 805 2950 et
823 2885 978 2966 religiosae
1002 2887 1067 2946 dis-

133 2979 256 3060 ciplinae
270 2999 327 3060 pro
344 2981 514 3045 christiana
535 2986 566 3044 et
585 2983 796 3046 ecclesiastica
819 2978 1065 3042 adolescentium

134 3074 332 3140 educatione.
407 3083 409 3088 ’
822 3079 825 3084 ’

379 3209 426 3261 §L
442 3221 471 3254 on
485 3219 618 3256 rnsrrrurrs
634 3216 826 3271 naumurum.

173 3315 211 3377 11.
228 3317 343 3396 Magna
357 3334 482 3397 semper
495 3316 554 3377 luit
567 3315 713 3378 Ecclesia
728 3333 805 3377 eura
814 3314 1022 3378 fovendorum
1035 3320 1068 3379 et

134 3412 382 3476 recreandarum
401 3432 576 3494 pauperum
594 3417 626 3475 et
645 3413 785 3474 omnium
805 3412 858 3493 qui
882 3412 985 3474 aliena
1007 3431 1066 3492 ope

133 3502 332 3590 indigerent3
355 3513 394 3572 et
407 3510 439 3571 in
462 3508 531 3589 ipso
555 3509 682 3591 quidem
705 3508 882 3573 christiane
905 3509 1066 3590 religionis
