2548 4020
406 315 444 359 on
466 315 593 363 caruero
613 318 696 364 runrs
718 319 873 368 cenoman
1046 317 1102 375 eet
1159 293 1162 302 ¹

172 463 297 540 genitis,
313 479 386 524 cum
399 469 548 541 parentes
563 483 600 526 eo
613 466 692 545 ipso,
711 467 795 546 quod
815 468 896 530 olem
917 475 1103 538 contrahere

172 558 338 634 voluerint,
355 557 522 621 videantur
536 559 594 634 sibi
616 561 700 642 malo
722 563 838 624 conscii
858 564 964 644 fuisse,
988 575 1020 629 et
1040 589 1103 633 nou

171 652 331 712 bonafide
348 653 460 731 egisse,
478 672 549 715 cum
572 656 768 735 neglexerint
789 660 970 722 ulteriorem
988 657 1104 729 uerita-

171 751 236 808 tem
250 747 422 826 inquirere.

210 842 357 905 Secunde
369 860 465 921 poena
479 847 535 920 est,
553 842 639 923 quod
654 845 823 924 separandi
844 847 907 910 sint
928 867 947 910 e
968 867 1003 910 se
1024 850 1102 914 iuvi·

169 962 239 1005 cem
253 943 285 1004 hi
300 944 378 1005 tales
392 944 528 1023 putatitii
544 943 707 1024 conjuges
724 949 764 1007 et
784 963 840 1024 spe
861 947 1102 1027 dispensationis

167 1038 375 1118 impetrandae
390 1042 528 1116 careant,
541 1039 566 1100 si
581 1040 613 1100 in
628 1041 779 1120 gradibus
791 1042 958 1120 prohibitis
967 1045 1103 1106 scienter

168 1132 383 1194 contraxerint
397 1132 453 1212 (tte
466 1135 623 1194 statuente
633 1135 817 1197 Tridentino
832 1137 873 1198 ob
887 1142 1102 1218 contemptum

167 1226 328 1306 Ecclesiae)
343 1231 374 1290 et
387 1245 483 1307 poena
497 1227 593 1290 etiem
606 1229 738 1290 arbitrie
755 1233 821 1294 tam
842 1231 901 1310 ipsi
923 1233 1005 1294 clem
1029 1253 1102 1297 con-

166 1321 339 1397 trahentes,
363 1338 459 1401 quam
475 1323 571 1383 testes
590 1319 664 1381 huic
683 1321 879 1384 clandestino
897 1325 1099 1390 matrimonio

168 1420 247 1500 (sine
255 1420 394 1501 parocho
405 1419 534 1495 seilicet,
543 1421 598 1480 aut
607 1417 712 1481 debito
722 1419 850 1482 testium
858 1423 1002 1502 numero)
1011 1425 1102 1486 essis-

166 1519 270 1578 tentes
283 1515 435 1595 puniendi
449 1519 532 1576 sunt.
551 1514 710 1576 Perochus
724 1533 811 1592 vero,
828 1515 878 1578 vel
897 1517 978 1580 alius
996 1536 1102 1580 sacer-

166 1613 226 1674 dos
241 1630 280 1672 ex
292 1611 420 1673 licentia
433 1611 575 1689 parochi,
592 1610 659 1672 sine
681 1611 814 1675 testibus
834 1613 992 1692 requisitis
1006 1615 1100 1678 essis-

157 1711 257 1785 'tens,
287 1726 344 1788 per
370 1707 541 1769 triennium
568 1707 739 1770 aboffioio
766 1709 1008 1788 suspendendus
1034 1715 1097 1788 est,

168 1804 298 1885 gravius
314 1803 408 1866 etiam
423 1801 612 1881 puniendus,
639 1802 665 1864 si
685 1803 786 1882 culpae
809 1805 942 1883 qualitas
964 1807 1100 1884 postule·

166 1899 258 1962 verit.
276 1917 303 1960 c.
321 1900 400 1960 Cum
414 1896 557 1958 inhibitio
576 1901 606 1960 3.
627 1899 646 1976 5
666 1897 752 1958 tinel.
776 1899 808 1958 h.
832 1903 855 1960 t.
880 1917 975 1978 quam
992 1903 1098 1962 temen

165 1996 353 2062 triennalem
366 1996 604 2075 suspensionem
618 1994 775 2058 sublatam
790 1996 884 2057 hodie
900 2015 957 2074 per
970 1998 1098 2060 'luden-

165 2096 270 2157 tinum
284 2093 381 2173 (quod
396 2110 523 2171 poenem
538 2092 701 2153 arbitriam
714 2091 834 2170 statuit)
845 2095 935 2171 putat
944 2094 1096 2170 Sencbez,

164 2193 198 2252 in
212 2208 288 2252 casu
304 2205 365 2269 quo
380 2188 447 2248 sine
461 2187 689 2250 sufficientibus
701 2186 834 2248 testibus
852 2187 969 2249 assistit
989 2189 1099 2250 matri-

165 2285 271 2346 monio
286 2283 454 2364 parochus,
475 2299 546 2363 que
561 2301 657 2363 poena
678 2282 846 2344 arbitraria
866 2281 981 2360 saepius
1000 2283 1097 2345 etiam

164 2381 358 2461 imponenda
372 2385 404 2441 et
417 2380 688 2457 contrahentibus,
714 2379 858 2460 quamvis
882 2395 989 2440 eorem
1007 2396 1099 2457 pero-

166 2475 238 2552 cho,
255 2478 287 2537 et
299 2473 433 2536 testibus
448 2475 647 2551 contrahant,
670 2475 698 2536 si
719 2473 972 2536 denuntiationes
990 2478 1097 2534 temen

166 2571 364 2651 culpabiliter
377 2571 561 2633 omiserunt.
579 2592 594 2628 o

423 2750 457 2790 2⁰.
472 2745 505 2788 De
515 2745 672 2802 impedimentis
679 2745 839 2801 prohibitorio.

205 2871 311 2932 Xhlll.
328 2867 558 2948 Impedimenta
571 2868 788 2948 prohibitoria,
801 2887 871 2949 quae
883 2887 996 2948 nempe
1010 2887 1097 2931 mere

166 2965 343 3043 impediunt
355 2963 590 3026 matrimonium
604 2963 865 3038 contrahendum,
881 2963 938 3024 sed
953 2979 1014 3022 non
1029 2962 1097 3022 irri-

165 3065 233 3124 tant
244 3060 312 3140 jem
327 3062 534 3137 contractum,
549 3064 690 3140 spectato
702 3060 774 3140 jure
794 3059 934 3137 antiquo,
957 3076 1011 3118 sex
1028 3057 1098 3124 dre-
1145 3066 1147 3072 '

166 3161 248 3233 runt,
258 3156 461 3236 quorumduo
467 3156 604 3237 jamnon
612 3155 745 3234 amplius
753 3155 871 3233 vigent,
881 3153 1098 3233 nempeimpe-

165 3253 340 3313 dimentum
354 3250 531 3327 catechismi,
550 3257 582 3312 et
595 3250 856 3328 impedimentum
869 3247 1008 3312 criminis.
1024 3252 1098 3324 Oui-

167 3348 239 3409 darn
247 3347 733 3426 temenvoluntimpedimentum
742 3346 924 3408 catechismi
932 3347 1098 3408 nonfuisse

166 3445 293 3507 omniuo
309 3445 468 3507 sublatum
482 3462 539 3522 per
552 3463 579 3504 e.
597 3444 697 3520 Trid,
714 3445 770 3505 sed
785 3444 964 3506 restrictum
979 3445 1019 3505 ad
1034 3443 1100 3523 pri-

166 3558 253 3601 mum
268 3542 414 3620 gradum.
431 3542 494 3604 Sed
509 3559 547 3602 ex
561 3545 647 3603 motu
663 3541 790 3620 proprio
806 3543 852 3603 Pii
871 3544 897 3606 V
918 3545 948 3603 et
966 3561 1004 3602 ex
1025 3559 1100 3602 con-
