2476 4022
366 265 405 310 on
426 265 553 312 oaracro
573 267 655 313 runis
677 268 831 316 ernamur.
1023 260 1061 318 35

95 481 98 488 .
123 375 1062 490 nullusohristianuediuideberet,quotieseontralloolesiae

122 505 326 565 voluntatem
346 504 520 582 baptismus
542 503 672 566 collatus
693 504 813 567 fuisset.
836 504 918 586 Ergo
942 525 980 568 ex
1003 508 1063 568 hae

122 605 218 681 parte
243 603 329 682 uerte
353 604 585 662 sacramentum
607 601 853 663 confirmationis
876 621 936 663 non
960 607 1063 683 potest

121 697 188 757 diei
203 696 311 759 valido
327 696 579 790 administratum
598 713 636 756 ex
658 697 872 776 delegatione:
890 699 956 758 sine
978 699 1062 762 dele-

123 789 257 868 gatione
273 807 335 850 non
350 789 405 851 ita.

166 885 203 946 Si
218 887 327 945 autem
339 883 515 964 jurisdictio
531 903 593 946 non
608 886 787 964 requiritur,
810 905 907 967 quare
926 887 992 948 sine
1007 887 1063 950 da-

123 981 288 1060 legatione
303 979 439 1040 invalide
456 981 525 1058 quis
540 982 725 1044 confirmet?
739 1001 801 1044 non
815 987 1062 1064 potestreepon·

124 1075 196 1136 deri
226 1075 314 1155 quod
337 1093 376 1135 ex
403 1074 599 1154 delegatione
627 1079 820 1157 compleatur
845 1085 984 1157 potestas
1012 1097 1063 1140 or-

124 1169 230 1230 dinis¹
245 1190 252 1232 :
266 1188 328 1249 quo
339 1189 433 1232 sensu
445 1172 528 1233 enim
539 1172 598 1233 hoo
613 1173 745 1234 dieitur?
755 1177 909 1254 quatenus
920 1178 1063 1253 potestas

125 1267 249 1332 ordinis
264 1266 295 1326 in
311 1285 367 1328 suo
382 1285 498 1346 genere
512 1268 651 1346 perlecta
665 1269 803 1348 postulat
813 1268 1062 1349 jurisdictionem

125 1362 157 1424 in
182 1381 241 1425 suo
267 1364 424 1442 exercitio,
442 1363 522 1426 siout
542 1365 656 1426 auoidit
678 1366 710 1425 in
737 1369 933 1428 saoramento
961 1366 1062 1444 pieni-

125 1459 259 1522 tentiae?
273 1459 335 1522 Sed
350 1460 412 1520 huo
425 1460 507 1522 redit
526 1460 557 1520 id
580 1461 665 1541 quod
685 1460 879 1523 confutatum
899 1465 956 1524 est.
978 1463 1063 1534 Qua-

125 1560 219 1618 tenus
250 1556 405 1636 delegatio
439 1557 580 1636 perssoiet
613 1560 801 1636 potestatem
836 1557 954 1620 ordinis
989 1575 1059 1638 quae

125 1655 253 1714 tantum
273 1650 454 1714 inchoativa
474 1656 505 1714 et
525 1652 717 1715 insufficiens
741 1653 809 1717 est?
832 1654 886 1716 sed
902 1653 1060 1734 quomodo

126 1751 259 1807 externe
272 1745 378 1806 missio
394 1748 425 1808 et
438 1745 595 1826 delegatio
608 1747 729 1826 perlicit
737 1747 941 1810 idoneitatem
950 1748 1061 1810 intrin-

125 1859 234 1902 seoam
258 1858 328 1921 quae
357 1859 395 1902 ex
422 1842 603 1906 charactere
632 1843 851 1905 sacramentali
877 1843 998 1919 defluit,
1030 1845 1061 1906 et

126 1937 286 2000 mediante
301 1937 363 2000 ritu
384 1936 614 2015 sacramentali,
637 1955 698 2000 non
718 1938 926 2018 delegatione,
947 1938 1056 2018 aequi-

130 2031 233 2097 ritur?

166 2131 327 2202 Quantum
349 2129 502 2209 perpendi
524 2130 584 2190 hoe
606 2129 786 2210 problema,
812 2127 1060 2210 plausibiliorem

127 2226 193 2308 ejus
213 2223 402 2286 solutionem
423 2223 632 2288 animadverti
652 2243 723 2286 eam
744 2242 840 2304 quam
860 2224 980 2302 praebet
1000 2226 1060 2286 Be·

128 2321 263 2396 rardius‚
294 2320 439 2383 videlieet
463 2322 547 2402 quod
570 2322 643 2382 lioet
665 2321 806 2385 Christus
830 2319 980 2380 Dominus
1004 2339 1060 2382 vo·

128 2414 220 2477 lu'erit
248 2417 283 2474 ut
311 2413 469 2476 ordinaria
496 2419 765 2476 sacramentorum
788 2411 1016 2476 administratio
1039 2431 1059 2473 a

128 2512 282 2593 potestate
304 2509 422 2574 ordinis
445 2512 617 2590 penderet,
643 2514 834 2573 nontamen
861 2509 906 2571 ita
935 2512 968 2570 ut
994 2524 1058 2570 nou

128 2613 232 2692 posset
256 2608 504 2674 extraordinarie
525 2611 695 2690 aliquando
719 2611 801 2673 illius
825 2609 960 2674 defectui
983 2627 1058 2690 sup·

128 2708 216 2788 pleri.
248 2707 296 2768 lta
330 2707 402 2768 lieet
430 2707 606 2769 ordinarius
632 2707 780 2787 baptismi
806 2705 990 2768 administer
1018 2707 1058 2770 sit

128 2805 303 2884 presbyter,
320 2806 460 2866 attamen
480 2808 568 2866 extra
589 2805 732 2867 ordinem
751 2804 839 2865 illum
859 2804 1058 2868 administrat

128 2907 157 2966 et
170 2901 334 2977 diaeonus,
352 2904 382 2962 et
400 2901 445 2963 ita
464 2899 592 2982 quidem
613 2901 637 2962 si
657 2900 689 2962 in
710 2901 842 2962 solemni
854 2899 1057 2979 baptismalis

128 2997 294 3060 oollatione
307 2997 480 3060 sacerdotis
494 2997 578 3059 vioes
592 2995 729 3077 suppleri
744 2997 848 3060 debet.
871 2997 904 3058 Si
922 3013 997 3058 vero
1016 2995 1056 3056 de

128 3094 250 3173 privata
263 3093 461 3174 baptismatis
475 3093 641 3156 oollatione
655 3094 695 3156 sit
709 3111 823 3170 sermo,
840 3091 1057 3153 extraordina-

128 3189 190 3250 rius
211 3190 396 3252 administer
417 3193 464 3252 eet
483 3178 614 3271 quilibet
632 3191 744 3268 fidelis
767 3190 830 3250 imo
855 3191 886 3250 et
908 3187 1052 3252 infidelis.

130 3286 287 3369 Numquid
303 3287 377 3369 quia
391 3286 445 3349 alii
462 3288 557 3350 etiam
575 3291 689 3368 praeter
706 3288 926 3367 presbyterum
945 3287 1056 3350 admit·

160 3485 228 3543 ¹illc
242 3493 337 3545 auctor
351 3493 443 3544 noster
459 3503 536 3544 suum
556 3486 714 3558 opinionem
727 3485 907 3556 particularem
925 3487 1056 3540 defendit·
