2530 4016
353 289 391 334 un
413 288 542 335 cursuro
563 289 645 334 touls
668 289 822 335 cuuorucr.
994 280 1053 338 329

163 435 200 495 ll.
219 435 387 512 Quousque
402 433 434 494 in
455 433 584 514 singulis
607 433 794 496 dioecesibus
817 453 880 497 una
902 437 1051 516 Ecclesia,

124 549 225 610 eaque
253 529 459 606 cathedralis,
481 531 530 591 cui
553 549 634 592 unus
652 531 885 610 praeficiobatur
907 535 1051 612 antistes,

123 636 205 692 uuus
232 626 291 687 fuit
318 618 473 704 cumulus,
504 645 566 687 una
593 637 698 688 massa
719 630 893 690 communis
914 631 1054 690 omnium

124 725 279 785 bonorum
293 723 515 802 temporalium
530 724 724 804 singularum
739 725 938 806 dioecesium;
961 726 1054 807 hujus

124 819 386 882 administrationi
407 820 638 898 praeficiebatur
657 821 786 882 antistes
803 839 858 882 seu
877 822 1052 900 episcopus,

125 917 189 996 qni,
202 916 416 994 apostolorum
431 917 584 994 exemplo,
597 916 768 979 ministerio
780 917 985 979 diaconorum
996 917 1055 978 bac

124 1013 156 1072 in
185 1029 218 1070 re
244 1010 425 1091 juvabatur,
452 1029 490 1072 ne
519 1031 538 1072 a
565 1011 779 1091 spiritualibus
807 1012 917 1077 officiis
944 1013 1054 1076 distra-

126 1107 264 1170 heretur.
300 1155 302 1159 Α
494 1101 495 1106 ’

164 1203 253 1264 Bona
280 1205 386 1266 autem
413 1203 625 1264 ecclesiastica
649 1210 739 1265 erant
762 1204 894 1283 duplicis
918 1206 1053 1285 generis,

126 1295 188 1357 alia
210 1296 350 1374 mobilia,
376 1297 419 1358 uti
441 1297 583 1375 pecunia
606 1315 720 1375 resque
744 1297 912 1376 tangibiles
935 1318 1056 1378 usuque

126 1391 403 1470 consumptibilas,
442 1395 473 1454 ct
500 1393 585 1454 bona
612 1392 801 1477 immobilia,
832 1393 897 1454 sive
925 1387 1053 1472 pradia.

125 1486 231 1546 Prima
244 1484 298 1545 illa
309 1486 555 1556 servabanturin
565 1485 811 1565 gazophylaciis,
825 1487 963 1564 conchis,
977 1487 1057 1548 arcis

125 1580 175 1656 vel
197 1582 352 1658 corbonis,
379 1586 410 1643 et
434 1582 472 1642 de
496 1582 645 1642 mandato
669 1583 806 1660 episcopi
830 1601 887 1662 per
907 1584 1057 1645 diaconos

125 1676 355 1740 tribuebantur.
372 1678 484 1739 lsthaec
498 1695 584 1752 vero,
602 1677 1056 1759 siquidemillorumpcssessio

125 1775 209 1838 utilis
223 1776 305 1837 foret
318 1775 477 1852 Ecclesiae,
489 1786 584 1854 prout
597 1775 672 1835 olim
682 1774 742 1838 fnit
754 1780 826 1853 post
835 1777 943 1838 datam
953 1776 1059 1838 Eccle-

126 1871 180 1932 siae
207 1889 329 1950 pacem,
358 1871 576 1934 retinebantur
602 1872 660 1932 sub
688 1872 835 1934 Ecclesia
858 1873 1058 1935 administra-

125 1965 226 2038 tione;
244 1984 334 2028 secus
348 1966 633 2027 venumdabantur.
648 1969 787 2045 Utroque
802 1967 834 2026 in
849 1985 923 2027 casn
934 1966 1057 2028 diaconi

126 2065 248 2141 partem
263 2080 353 2123 suem
372 2062 430 2124 sibi
455 2060 674 2134 vindicabant3
699 2079 755 2121 seu
778 2061 799 2120 ii
821 2066 911 2123 erant
933 2062 987 2140 qui
1001 2080 1057 2140 pro

126 2155 276 2218 mandato
291 2157 428 2236 episcopi
444 2175 482 2217 ea
500 2157 682 2218 vendebant
702 2157 783 2217 etin
803 2156 871 2235 pios
895 2174 967 2217 usus
989 2175 1059 2218 ero-

126 2252 255 2331 gabant,
272 2252 321 2312 vel
337 2251 362 2313 si
377 2251 604 2328 retinebantur,
622 2251 746 2312 diaconi
762 2255 853 2313 erant
867 2251 920 2331 qui
934 2251 1058 2312 illorum

126 2348 246 2410 fructus
261 2351 292 2410 et
306 2347 447 2410 redditus
459 2347 626 2428 exigebant
638 2367 645 2420 ;
664 2348 763 2408 exacti
774 2347 895 2409 fructus
905 2348 1059 2409 cedebant

126 2444 159 2505 in
178 2445 316 2524 episcopi
340 2447 537 2522 potestatem,
565 2444 619 2523 qui
642 2461 699 2522 per
719 2462 831 2504 manns
853 2443 1059 2504 diaconorum

125 2529 345 2599 tribuebantur
359 2537 391 2598 in
406 2538 473 2615 pias
495 2555 617 2613 causas,
641 2537 751 2616 quales
773 2541 864 2598 crant
885 2537 1059 2598 erectiones

127 2634 159 2694 et
172 2632 385 2711 reparationes
404 2633 607 2711 templorum,
629 2635 814 2694 ornamenta
833 2649 933 2708 sacra,
957 2631 1059 2692 subsi-

127 2727 213 2788 dium
228 2746 402 2808 paupernm
416 2730 654 2808 peregrinorum
676 2732 707 2790 et
726 2729 933 2808 captivorum,
960 2728 1059 2790 subsi-

127 2824 213 2885 dium
228 2829 259 2886 et
273 2825 457 2888 alimentum
471 2825 698 2887 ministrorum.

166 2920 297 2982 Fiebant
316 2921 449 2982 istorum
472 2921 627 2982 bonorum
651 2924 786 3000 quatuor
800 2922 978 2998 portiones:
996 2938 1060 2979 una

127 3016 259 3078 cedebat
272 3016 446 3096 Episcopo;
465 3035 528 3077 una
549 3016 682 3095 clericis,
698 3017 791 3077 tertia
812 3013 939 3076 fabricae
958 3009 1059 3075 eccle-

127 3110 201 3186 siae;
219 3115 332 3191 quarta
345 3113 537 3192 pauperibus
553 3113 695 3192 (Walter,
711 3111 729 3188 ς
743 3110 824 3189 245).
838 3110 897 3172 Ubi
912 3113 976 3171 tres
990 3113 1060 3171 tan-

127 3211 195 3268 tum
215 3209 334 3270 fiebant
353 3210 524 3288 portiones,
546 3209 695 3267 manebat
714 3204 834 3266 clericis
855 3212 886 3266 et
905 3206 1059 3284 episcopis
1131 3208 1133 3212 '

128 3301 266 3366 officium
286 3304 473 3384 providendi
501 3322 558 3382 pro
582 3302 663 3363 virili
679 3299 917 3363 necessitatibus
941 3319 1060 3381 paupe-

127 3414 208 3456 rum.
239 3396 299 3458 Ubi
328 3397 454 3476 gravior
483 3401 565 3456 esset
590 3392 830 3468 administratio,
857 3389 908 3450 vel
932 3407 1008 3450 cura
1029 3395 1060 3452 et

127 3492 271 3555 custodia
298 3493 446 3554 habenda
472 3495 554 3556 esset
583 3490 763 3552 dissitorum
790 3488 991 3568 prediorum,
1027 3487 1059 3546 in
