2504 4024
356 289 395 334 on
417 287 545 335 omscro
565 289 647 335 rnnrs
669 289 823 337 csnonrcr.
996 279 1052 337 113

120 436 191 516 jure
208 432 397 514 dogmatico,
421 432 477 493 sed
498 449 535 492 ex
552 431 624 511 jure
645 432 836 510 disciplinari
858 433 1054 512 potissimum

124 533 332 595 determinata
347 533 429 591 sunt.

162 630 195 689 10
209 628 255 687 Ex
265 626 338 706 jure
353 624 516 704 doqmotico
532 625 653 686 clericis
669 628 789 703 spectat
804 628 835 686 10
848 627 865 688 J
869 643 905 687 us
924 629 1055 704 111100-

124 727 203 785 1111
216 724 248 782 in
263 721 414 798 Ecclesia,
432 724 463 782 et
475 723 578 784 2⁰·Jus
593 721 812 784 alimentorum
832 722 871 783 de
888 722 979 784 bonis
997 726 1056 785 Ec-

124 821 227 883 0111011
242 818 318 879 huic
331 817 536 896 respondens.

165 920 196 976 10
213 917 273 976 Jus
292 913 479 994 profecturo.
499 914 531 973 in
553 911 693 975 Ecclesia
714 913 930 977 consideratur
953 919 1057 994 quoad

128 1011 189 1074 duo
204 1032 212 1072 ε
231 1013 264 1071 1ο
279 1010 388 1082 Quoad
404 1010 505 1070 cultus
520 1009 617 1070 divini
627 1009 811 1089 ministeria,
824 1011 876 1091 qui
887 1013 1058 1090 respondet

126 1103 274 1181 potestati
290 1102 428 1176 Ordinis;
445 1107 477 1163 2⁰
493 1103 597 1183 quoad
616 1106 781 1165 externum
799 1104 940 1184 regimen
959 1107 1059 1166 socie-

127 1198 198 1260 tatis
211 1195 403 1257 christianae.
420 1199 594 1276 Utrumque
610 1197 669 1257 hoo
680 1196 732 1275 jus
745 1198 778 1256 in
794 1216 849 1259 suo
860 1217 975 1277 genere
986 1217 1057 1260 cou-

128 1291 264 1351 nectitur
276 1289 372 1350 statui
385 1289 520 1349 clericali
535 1308 543 1349 :
562 1307 660 1368 quum
675 1290 758 1350 enim
771 1291 947 1371 respublica
959 1293 1058 1353 cbris-

127 1387 212 1448 tiaua
226 1386 268 1446 sit
281 1385 459 1463 respublica
471 1385 628 1464 religiosa,
646 1403 700 1446 eos
713 1385 837 1447 vocavit
857 1387 897 1446 ad
918 1388 1058 1468 regimen

128 1482 321 1562 respublica,
348 1486 427 1561 quos
451 1482 592 1560 praefeoit
615 1481 711 1543 sacris
734 1502 740 1542 :
765 1487 797 1542 at
816 1482 849 1542 in
869 1484 972 1562 specie
997 1484 1059 1545 duo

129 1579 200 1638 sunt
214 1575 355 1637 notanda
370 1594 377 1634 :
634 1635 638 1641 ,

170 1677 199 1734 10
215 1671 309 1744 Quod
322 1670 395 1732 lieet
405 1673 505 1732 coetus
516 1670 668 1731 clericalis
677 1675 820 1748 respectu
832 1671 1061 1733 coetuslaioalis

130 1768 247 1844 praesit,
265 1784 329 1827 non
342 1770 448 1827 tamen
464 1765 579 1845 singuli
593 1765 697 1826 clerici
713 1769 863 1844 praesunt,
876 1784 934 1828 nec
948 1769 1060 1828 eodem

130 1851 235 1922 modo.
254 1863 334 1922 Nam
348 1861 380 1920 in
394 1861 575 1921 ministeriis
590 1861 690 1921 cultus
705 1861 804 1922 divini
821 1861 843 1920 ii
863 1863 916 1941 qui
935 1862 1061 1941 proprie

130 1959 270 2036 praesuut
283 1962 356 2017 sunt
374 1956 513 2035 episcopi
532 1961 563 2018 et
581 1955 757 2034 presbyteri
778 1976 785 2016 :
806 1955 920 2036 reliqui
939 1956 1062 2019 nonnisi

130 2051 312 2132 improprie,
331 2055 485 2132 quatenus
495 2051 771 2131 propinquioribus
783 2053 833 2113 vel
843 2053 1062 2115 remotioribus

132 2146 240 2207 officiis
255 2146 447 2224 presbyteris
467 2149 498 2207 et
516 2147 670 2226 episcopis
689 2147 938 2208 ministrantibus
958 2148 1064 2209 deser-

132 2241 229 2303 viunt.
249 2242 337 2314 Quod
351 2260 426 2304 vero
441 2243 577 2320 pertinet
591 2242 631 2301 ad
646 2241 787 2320 regimen
798 2242 956 2302 societatis
965 2243 1064 2304 chris-

133 2337 235 2414 11111,
259 2337 397 2416 exeeptis
419 2340 455 2398 R·
479 2340 514 2399 P.
538 2340 570 2398 et
590 2335 745 2415 episcopis
766 2336 819 2414 qui
837 2336 927 2415 juxta
947 2337 1064 2416 gradus

134 2432 364 2495 distinctionem
374 2433 446 2512 jure
468 2433 639 2513 originario
660 2432 808 2494 Ecclesia
828 2431 974 2512 regimini
993 2438 1066 2492 sunt

111 2527 303 2607 'praepositi,
324 2528 434 2607 reliqui
456 2547 519 2589 uon
540 2531 672 2608 possunt
692 2527 751 2588 nisi
773 2527 858 2608 quod
881 2527 1065 2589 mandatum

134 2624 182 2684 vel
195 2623 299 2702 ajuro
313 2623 364 2684 vel
379 2623 419 2684 ab
434 2623 561 2684 homine
576 2629 635 2684 est.

171 2723 202 2780 2⁰
219 2719 282 2780 Sed
298 2737 395 2798 quum
410 2721 510 2780 coetus
524 2719 641 2798 praesit,
658 2719 738 2780 litut
747 2736 856 2780 omnes
867 2719 919 2799 qui
931 2719 970 2780 ad
982 2720 1066 2779 hunc

136 2816 252 2874 coetum
267 2815 420 2890 spectant,
434 2813 496 2874 sint
510 2811 687 2892 subjectum
703 2812 896 2873 ordinarium
908 2811 1065 2873 mandatae

136 2908 229 2968 etia'm
240 2906 480 2986 jurisdictionis
496 2906 567 2968 laici
583 2908 706 2968 nonnisi
721 2907 1015 2969 extraordinarium.

172 3003 275 3063 10]οε
289 3000 494 3062 alimentorum
509 3002 582 3062 huic
596 3002 792 3081 praefecturae
807 3001 985 3079 respondet.
1008 3001 1066 3072 Qui

137 3096 218 3157 enim
231 3096 316 3157 bono
332 3097 565 3158 communitatis
580 3098 772 3170 deserviunt,
789 3097 914 3180 ac'quum
926 3099 973 3154 est
983 3096 1017 3154 ut
1026 3094 1066 3154 ab

138 3192 247 3252 eadem
261 3192 486 3253 communitate
501 3192 666 3254 honestem
680 3193 876 3269 capiantpro
891 3207 947 3250 suo
963 3189 1066 3250 officio

138 3291 406 3352 sustentationem.
423 3290 542 3352 Eodem
564 3291 660 3371 igitur
676 3289 759 3369 jure,
783 3287 856 3349 licet
877 3288 935 3349 sub
956 3290 1069 3350 eodem

138 3388 281 3464 respectu
296 3403 358 3465 quo
373 3385 518 3464 princeps
533 3385 714 3465 reipublicae
729 3383 1002 3462 etprovineiarum
1013 3403 1069 3464 gu·

138 3478 321 3544 bernatores
345 3483 377 3543 et
396 3481 546 3542 officiales
566 3487 598 3541 et
621 3477 735 3540 milites
756 3476 807 3558 jus
831 3477 950 3540 habeut
973 3482 1007 3538 ut
1029 3476 1068 3535 de
