2548 4020
204 271 261 330 184
410 282 636 328 insufflamus
656 281 739 328 touls
761 280 916 327 canorum.

205 426 346 507 simplici,
362 426 439 486 dum
453 428 566 488 nature
582 443 640 486 sue
661 442 723 486 non
737 425 885 486 videntur
899 423 1019 502 differe,
1037 429 1069 487 et
1082 441 1136 487 so-

204 525 269 585 lnm
289 523 497 585 differentiam
521 521 690 602 quamdam
713 522 921 583 extrinsecam
948 519 1065 582 habere
1096 540 1135 583 ex

204 616 350 678 Ecclesia
366 616 584 679 constitutione
600 615 772 677 inductam.

205 715 285 793 &Ut
305 714 373 774 haec
394 713 523 792 quaestio
545 712 693 789 solvatur,
713 711 928 774 animadverto
949 711 1044 791 quod,
1062 711 1136 776 licet

204 816 349 872 votorum
363 809 553 886 solemnitas,
567 827 605 869 ex
619 808 686 869 sola
699 807 846 869 Ecclesiae
861 809 1080 871 constitutione
1095 811 1137 872 sit

205 906 342 983 inducta,
359 923 421 966 non
435 906 509 966 inde
524 905 666 984 sequitur
676 904 759 984 quod
775 904 913 966 habeant
925 905 1007 967 inter
1021 923 1054 966 se
1069 925 1137 967 me-

205 1020 272 1064 ram
296 1001 503 1063 differentiam
528 1001 734 1063 extrinsecam
756 1004 787 1062 et
808 999 887 1080 juris
912 1002 1134 1078 ecclesiastici,

205 1115 262 1158 nec
283 1095 409 1157 realiter
429 1097 574 1158 differant
593 1100 665 1158 ante
687 1099 786 1158 Deum
806 1096 836 1157 in
856 1097 920 1158 suis
941 1097 1137 1175 respectibus

204 1192 386 1254 moralibus

245 1288 339 1350 Plura
359 1289 443 1364 enim
464 1290 536 1350 sunt
557 1306 627 1368 quaa
649 1289 730 1351 lacto
750 1289 912 1349 hominum
930 1288 1135 1368 inducuntur,

206 1385 237 1445 et
247 1382 318 1463 jure
333 1384 438 1446 divino
454 1383 626 1464 etquidem
641 1383 776 1445 naturali
789 1384 962 1460 firmantur,
981 1389 1138 1465 quatenns

205 1469 351 1543 videlicet
370 1480 488 1544 fectum
509 1481 671 1542 hominum
695 1480 853 1542 concurrit
874 1480 960 1542 velut
983 1481 1134 1560 conditio,

206 1596 276 1656 quae
290 1578 402 1657 posita,
418 1579 472 1658 jus
487 1578 627 1648 divinum
641 1577 804 1639 evolvitur.
822 1579 867 1640 lta
882 1595 974 1638 nemo
992 1577 1063 1658 jure
1078 1597 1139 1640 na·

193 1676 284 1734 ‘turae
306 1691 384 1752 pure
404 1674 556 1754 inspecto,
581 1674 780 1736 constituitur
802 1693 866 1750 rex,
891 1691 982 1734 nemo
1007 1673 1135 1755 conjux,

205 1783 297 1828 nemo
318 1771 418 1845 pater,
442 1784 534 1829 namo
557 1768 651 1847 filius,
674 1786 766 1829 nemo
791 1769 946 1845 dominus,
970 1771 1052 1842 etc.;
1080 1771 1138 1830 sed

205 1862 312 1942 positis
335 1862 479 1924 humanis
500 1863 590 1926 factis
610 1882 680 1944 quaa
699 1865 909 1926 determinant
927 1882 1035 1944 regna,
1059 1865 1139 1926 civi-

205 1962 296 2034 tates,
322 1959 489 2037 connubia‚
514 1960 658 2037 familias,
685 1961 834 2037 dominia,
860 1963 939 2037 eta,
964 1966 1139 2024 nascuntur

202 2050 276 2130 jura
300 2052 456 2112 naturalia
478 2071 604 2133 regum,
631 2053 761 2130 civium,
787 2053 973 2133 conjugum,
1000 2059 1079 2132 eta,
1106 2063 1139 2118 et

206 2146 310 2224 plures
325 2147 483 2209 naturales
503 2148 685 2210 differentiae
706 2151 880 2228 emergunt,
897 2165 967 2227 quae
985 2149 1138 2230 indepen-

206 2244 317 2306 denter
331 2245 371 2306 ah
386 2245 530 2306 humanis
544 2246 644 2321 lactis,
661 2263 739 2323 pure
756 2245 896 2323 inspecto
914 2245 985 2325 jure
1000 2250 1136 2325 naturae,

206 2359 269 2402 non
284 2342 613 2421 apprehendebantur,
626 2341 680 2402 sed
693 2341 733 2401 ab
742 2340 781 2400 iis
791 2341 972 2418 pendebant
985 2345 1139 2422 tanquam

206 2456 226 2497 a
236 2438 476 2513 conditionibus,
487 2437 600 2518 quibus
610 2437 706 2499 semel
716 2437 825 2516 positis
835 2435 887 2517 jus
898 2438 1041 2500 naturale
1052 2439 1138 2500 evol-

206 2535 343 2594 veretur.

138 2618 141 2624 '
247 2628 315 2687 Non
330 2627 472 2688 dissimili
485 2627 591 2704 modo,
607 2628 710 2688 nullus
729 2627 919 2707 obligatione
934 2628 996 2690 voti
1011 2633 1140 2692 tenetur

206 2736 292 2780 merc
313 2718 384 2798 jure
406 2724 525 2782 naturae
546 2720 703 2799 inspecto;
727 2725 835 2782 votum
856 2721 940 2781 enim
960 2722 1078 2800 pendet
1098 2741 1138 2784 ex

207 2816 289 2877 facto
304 2816 441 2877 humano
456 2819 606 2896 tanquam
621 2835 641 2876 a
658 2817 836 2880 conditione
855 2834 922 2894 sua,
941 2835 1004 2896 qua
1023 2819 1137 2897 posite,

208 2912 413 2994 obligationes
428 2913 492 2975 voti
507 2919 687 2974 nascuntur.
702 2913 850 2975 Similiter
858 2913 959 2992 posito
975 2913 1056 2975 facto
1072 2916 1138 2976 voti

207 3010 442 3078 cum-omnihus
463 3009 500 3070 iis
520 3027 589 3089 quae
611 3009 650 3070 de
668 3010 739 3089 jure
758 3010 961 3090 requiruntur
979 3014 1014 3071 ut
1027 3013 1138 3072 votum

207 3111 278 3184 stet,
296 3108 404 3168 eadem
421 3106 560 3168 omnium
572 3107 754 3168 voventium
769 3111 815 3170 est
829 3107 965 3168 conditio
981 3107 1137 3168 inordina

208 3205 247 3263 ad
263 3204 484 3284 obligationem
492 3206 680 3271 ,nascentem
694 3221 730 3263 ex
742 3206 814 3265 voto
826 3203 951 3281 emisso,
960 3222 1019 3264 nec
1033 3209 1140 3281 potest

205 3299 276 3377 jure
291 3305 410 3364 naturae
426 3300 616 3362 considerari
630 3301 712 3361 inter
722 3317 775 3361 eos
789 3301 940 3362 intensior
950 3305 982 3361 et
990 3299 1137 3376 validior,

208 3400 263 3456 ant
283 3398 441 3458 remissior
459 3403 491 3460 et
506 3397 660 3459 infirmior
678 3397 826 3476 obligatio
845 3399 877 3459 in
893 3398 1002 3459 ordine
1017 3396 1058 3458 ad
1072 3397 1141 3464 voti

210 3489 393 3552 custodiam.
