2548 4020
179 243 237 301 204
391 249 618 298 rusrrnunonss
638 250 720 296 runis
742 249 897 297 senonici.

220 398 377 460 confirma
397 394 586 477 'hujusmodi
614 393 861 471 declarationes,
891 411 930 454 ex
958 410 996 454 eo
1025 394 1112 472 qnod

181 509 349 555 versamur
372 491 404 554 in
422 491 494 573 jure
508 491 641 574 positivo
657 490 807 568 humano,
828 488 913 570 quod
933 505 996 548 non
1017 488 1113 550 debc-

180 608 249 650 mus
265 589 435 651 extendere
449 589 532 650 ultre
550 604 645 667 quam
667 586 832 646 definitum
853 588 911 656 est,
935 584 1114 664 prasertim

180 703 251 748 cum
267 690 379 766 agetur
393 684 432 747 de
443 675 520 763 jure·
530 682 645 761 poenali
662 681 746 760 quod
761 682 909 760 supponit
920 679 1070 742 delictum
1081 682 1115 741 et

180 783 299 843 crimen
325 780 479 853 formale,
509 778 601 840 etde
625 767 858 859 impedimentis
880 776 1111 853 dirimentibus,

181 897 251 957 qua
266 885 301 938 ex
317 877 457 957 generali
470 875 594 938 theoria
607 873 771 953 supposita
791 876 863 935 sunt
882 872 996 936 stricta
1016 872 1115 934 iuter-

180 974 373 1055 pretetionis,
390 991 448 1035 neo
463 971 553 1033 facile
568 973 810 1050 praesumuntur.

218 1069 375 1128 Praeterea
389 1069 419 1128 et
433 1066 551 1128 crimen
565 1062 736 1142 conjucidii
751 1062 882 1124 seorsim
896 1062 936 1124 ab
957 1063 1115 1124 adulterio

180 1167 367 1242 spectatum,
384 1166 432 1224 est
452 1161 714 1241 impedimentum
728 1160 878 1220 dirimens
889 1160 973 1221 inter
986 1176 1116 1222 corneos

180 1259 229 1320 vel
250 1258 418 1337 complices
438 1259 470 1319 in
491 1257 601 1319 ordine
622 1254 663 1317 ad
677 1256 923 1333 matrimonium,
940 1257 1115 1318 dummodo
1213 1283 1218 1289 ·

181 1372 265 1416 mors
279 1353 373 1417 fuerit
386 1357 494 1416 secuta
508 1352 548 1433 (c.
565 1367 588 1414 1.
606 1351 645 1414 de
660 1353 756 1413 Conv.
773 1350 918 1430 inlidet).

222 1453 336 1514 Utrum
351 1455 458 1513 autem
472 1450 650 1530 requiratur
664 1448 748 1529 quod
770 1447 974 1508 homicidium
993 1448 1117 1511 illalum

182 1547 276 1608 luerit
290 1546 330 1607 ad
344 1546 440 1607 finem
455 1543 662 1626 contrahendi
675 1543 910 1606 matrimonium
930 1545 1012 1605 inter
1030 1563 1118 1605 oom-

181 1640 298 1719 plices?
321 1643 367 1702 Ex
391 1641 499 1703 stricta
521 1640 779 1719 interpretatione
801 1639 896 1719 hujus
917 1640 1026 1719 capitis
1051 1659 1116 1701 uon

182 1741 293 1817 elucet,
315 1742 366 1802 vel
388 1742 511 1821 legatur
534 1740 638 1819 prouti
662 1739 796 1801 refertur
815 1740 848 1800 in
870 1738 1052 1800 collectione
1076 1740 1134 1808 Β.Ι

182 1837 371 1916 Raymundi,
388 1838 437 1902 vel
455 1839 554 1898 multo
576 1837 679 1898 minus
702 1835 728 1896 si
752 1837 877 1917 legatur
898 1835 931 1897 in
955 1853 1011 1896 suo
1026 1839 1116 1898 textu

182 1932 318 2010 genuino
333 1932 417 2015 apud
433 1934 600 2008 Gonzalez;
618 1933 674 1994 sed
689 1951 726 1992 ex
742 1931 898 1994 sententio
912 1932 1015 2009 potius
1031 1933 1118 2010 oapi-

182 2028 220 2088 tis
235 2019 339 2108 hujus,
357 2032 388 2092 et
409 2049 447 2091 ex
468 2031 713 2109 praesumptione
734 2028 982 2110 fundeteusuper
1003 2029 1119 2089 huma-

182 2143 258 2186 num
275 2127 389 2206 agendi
408 2144 539 2204 morem,
565 2127 666 2188 solent
689 2128 834 2186 auctores
858 2125 942 2185 huno
965 2126 1061 2186 llnem
1085 2133 1119 2186 et
1227 2118 1231 2124 ’

181 2220 264 2281 hunc
292 2222 433 2284 animum
459 2223 641 2304 roquirere,
668 2221 772 2302 prouti
796 2221 961 2302 requirunt
982 2222 1015 2282 in
1038 2239 1117 2283 casu

183 2316 333 2379 adulterae
349 2319 399 2380 vel
413 2318 549 2380 adulteri
568 2317 621 2399 qui
644 2317 843 2380 machinatus
865 2317 959 2379 fuerit
981 2321 1117 2380 mortem

183 2412 325 2492 conjugis
339 2413 525 2490 innocentis,
543 2414 582 2475 de
597 2432 659 2494 quo
675 2431 771 2491 supra
786 2412 932 2474 diximus.
1092 2489 1094 2494 A

222 2509 347 2570 Certum
361 2515 468 2572 autem
483 2514 558 2589 puto
573 2509 659 2590 quod
673 2509 853 2588 hujusmodi
873 2508 1021 2570 delictum
1043 2526 1118 2571 con-

181 2602 291 2680 jucidii
312 2603 344 2662 in
368 2611 521 2684 quantum
543 2624 655 2684 perse
679 2605 794 2666 sufficit
815 2604 858 2665 ad
879 2604 1117 2685 impediendum

181 2697 263 2759 inter
276 2715 401 2760 corneos
417 2701 662 2778 matrimonium,
680 2702 797 2763 delient
811 2718 879 2762 esse
893 2720 967 2763 vere
982 2701 1115 2778 crimen,
1160 2685 1167 2696 ⁸

181 2793 214 2853 id
229 2797 276 2855 est
286 2792 396 2874 injuste
410 2800 441 2858 et
455 2796 594 2857 malitiose
613 2797 798 2874 admissum,
821 2797 985 2877 utriusque
1006 2800 1116 2858 notum

182 2909 239 2952 sua
261 2891 437 2954 moralitate
460 2911 517 2952 oon
541 2899 655 2953 tantam
675 2894 819 2974 pecorino,
839 2894 872 2954 iu
892 2897 1045 2974 quantum
1070 2898 1118 2956 est

182 2987 294 3049 occisio
310 2988 455 3066 hominis,
473 2989 528 3050 sed
540 2989 723 3070 etspeeifico,
736 2990 768 3050 in
779 2993 932 3070 quantum
943 2994 991 3052 est
1001 2989 1117 3053 occisio

183 3083 336 3164 conjugis,
353 3090 384 3146 et
397 3089 507 3148 mutua
521 3086 753 3148 machinatione
768 3090 799 3148 et
814 3087 1046 3168 conspiratione
1062 3089 1120 3146 aut

183 3196 240 3255 per
254 3198 286 3241 se
302 3184 357 3242 aut
369 3200 427 3260 per
440 3183 518 3244 alios
532 3190 771 3245 consummatum.
788 3185 862 3245 Haec
876 3183 1029 3245 resultant
1048 3185 1120 3244 tum

184 3291 222 3333 ex
236 3275 319 3339 dioto
339 3278 441 3356 capite
463 3279 502 3341 de
526 3297 669 3341 convers,
692 3278 794 3354 infin..
817 3281 885 3341 tum
907 3297 946 3342 ex
968 3297 1005 3340 eo
1031 3277 1118 3358 quod

182 3385 285 3431 sermo
300 3371 340 3432 sit
354 3372 475 3451 dejure
489 3375 623 3453 positivo
638 3374 755 3453 poenali
771 3377 802 3437 et
816 3374 962 3451 irritanti,
983 3373 1120 3453 proinde

183 3460 386 3526 strictissimae
398 3466 675 3546 interpretationis.
