2548 4020
174 275 231 336 236
380 283 607 330 rusmrurrcnns
627 284 709 330 runis
733 283 890 330 esnomcr.

174 449 367 509 eoncessum,
383 434 478 510 prout
490 430 522 491 in
537 429 666 510 antiqua
679 430 748 511 lege
764 447 950 494 eoncessum
969 432 1104 512 legimus

172 525 371 605 patriarchia.

212 622 316 683 'lertio
332 621 485 682 habemus
503 638 542 680 ex
559 619 672 682 eodem
691 637 718 680 o.
739 619 924 699 gaudemus,
946 620 1030 699 quod
1049 639 1103 699 pa-

171 735 283 796 ganuS,
309 717 335 777 si
356 716 521 795 repudiata
543 734 601 776 sua
620 733 728 792 uxore,
753 714 793 775 ad
815 715 911 775 tidem
932 732 1102 778 conversus

172 815 266 875 aliam
281 813 414 890 duxerit,
439 829 511 873 cum
531 818 639 873 tamen
660 811 773 872 illaad
795 810 892 871 iidem
913 811 1008 874 ctiam
1029 831 1102 873 con-

171 929 263 972 versa
276 909 424 970 maritum
438 912 599 988 sequatur,
616 907 815 988 repudiatam
827 908 924 970 talem
941 907 974 968 in
991 909 1103 970 infide·

170 1007 257 1068 litate
272 1021 401 1066 uxorem
423 1004 563 1083 recipere
582 1003 698 1064 debeat
714 1005 747 1064 in
766 1002 957 1066 matrimonii
976 1023 1103 1068 consor-

170 1108 244 1177 tem,
255 1099 333 1161 etab
343 1099 407 1175 illa,
417 1103 592 1178 quampost
601 1099 800 1177 repudiatam
811 1099 945 1177 primam
956 1099 1099 1178 duxerat,

170 1199 328 1275 recedere,
346 1198 469 1260 etiamsi
489 1199 557 1260 haec
578 1198 838 1277 repudiatarum
858 1199 919 1259 alio
936 1199 1004 1279 jam
1026 1219 1104 1262 con-

169 1297 324 1373 traxisset,
350 1313 423 1356 cum
445 1294 529 1356 enim
553 1294 613 1356 hoc
635 1295 713 1374 legis
736 1295 933 1375 Evangelicae
957 1302 1101 1376 tempore

168 1393 309 1454 libellum
323 1391 445 1470 repudii
460 1391 536 1452 dare
551 1391 628 1452 nnlli
643 1407 681 1450 ex
699 1391 769 1471 lege
789 1390 896 1453 divina
914 1410 1101 1456 concessum

169 1489 219 1564 sit,
236 1490 465 1567 consequenter
486 1488 571 1548 nulla
591 1486 606 1548 f
627 1487 650 1550 't
669 1487 844 1567 repudiatio
866 1487 930 1565 illa,
953 1489 1010 1549 sed
1031 1489 1102 1550 vin-

168 1585 272 1645 culum
306 1585 443 1663 legitime
479 1585 631 1647 contracti
659 1584 849 1646 matrimonii
876 1584 1099 1648 indissolutum

166 1680 383 1759 permanebat,
399 1698 475 1759 ergo
494 1681 519 1740 si
542 1681 582 1742 ad
603 1681 699 1742 iidem
720 1684 853 1760 utraque
874 1699 946 1760 pars
968 1700 1100 1744 conver·
1145 1685 1148 1688 ’

166 1780 261 1852 tatur,
276 1775 318 1840 ad
332 1793 365 1835 se
379 1775 526 1852 invicem,
543 1780 577 1838 ut
592 1777 658 1838 vari
676 1776 827 1856 conjuges
845 1776 949 1838 redire
968 1777 1096 1855 debent,

166 1889 229 1934 non
256 1871 411 1948 obstante,
441 1871 526 1952 quod
549 1870 582 1931 in
604 1871 789 1936 infidelitate
813 1872 876 1934 alia
898 1873 1099 1934 matrimonia

166 1967 387 2044 contraxerint,
414 1985 484 2047 quae
513 1967 552 2028 ob
580 1969 740 2029 vinculum
767 1967 880 2048 prioris
907 1968 1098 2030 matrimonii

165 2064 306 2125 nondum
320 2064 516 2139 dissolutum,
534 2064 621 2124 nulla
634 2064 771 2126 fuerunt.

205 2160 391 2222 Prohibetur
405 2160 532 2239 quidem
547 2179 565 2221 a
579 2161 725 2239 pontifice
748 2161 780 2221 in
799 2179 868 2241 cap.
889 2163 972 2223 Deus
992 2161 1046 2242 qui
1064 2166 1093 2239 9,

164 2256 195 2318 h.
212 2260 235 2318 t.
253 2257 423 2318 utnetales
435 2255 593 2333 deincepS,
607 2257 881 2336 postquamfidem
892 2257 1096 2320 christianam

164 2350 455 2430 susceperunt-sibi
469 2349 741 2413 matrimonialiter
759 2352 960 2430 copulentur;
983 2352 1098 2430 quodsi

163 2448 268 2506 tamen
291 2445 324 2505 in
347 2445 532 2507 infidelitate
555 2445 660 2507 adhuc
682 2445 775 2525 positi
798 2447 874 2509 talia
896 2447 1097 2510 matrimonia

162 2559 235 2602 cum
249 2542 365 2602 relictis
384 2542 516 2604 fratrum
539 2560 668 2603 snorum
689 2542 838 2605 uxoribus
859 2547 1093 2620 contraxerunt,

162 2652 225 2696 non
239 2635 385 2712 probibet
398 2636 468 2697 illos
482 2655 610 2699 manere
624 2639 656 2698 in
670 2656 727 2700 suo
742 2637 902 2719 conjugio,
919 2641 950 2700 et
963 2638 1091 2715 boanti,

161 2727 187 2787 si
200 2729 307 2787 tamen
320 2727 432 2789 fratres
446 2729 492 2790 illi
506 2730 573 2791 sine
588 2732 675 2810 prole
691 2751 729 2792 ex
740 2731 795 2793 tali
807 2732 941 2812 conjuge
949 2731 1095 2792 decesse-

161 2822 233 2899 rint,
249 2821 282 2883 id
297 2823 382 2902 quod
393 2823 484 2902 juxta
492 2825 595 2904 legem
603 2828 773 2903 mosaicam
782 2829 901 2908 antiqui
909 2830 1091 2890 testamenti

159 2921 176 2982 J
180 2920 278 2983 udaeis
287 2920 412 2998 licebat,
422 2921 463 2982 ad
474 2921 530 2982 hos
539 2922 634 2984 etiam
642 2925 830 2988 extendente
838 2925 989 3010 Ecclesia.
1002 2947 1017 2983 a

514 3100 657 3145 APPEN
660 3101 704 3145 DI
708 3102 737 3146 Χ.

395 3205 446 3240 srva
462 3205 515 3239 lar.
530 3209 567 3241 111.
582 3209 611 3242 un
625 3209 854 3245 sicanuexrsurnus.
914 3239 917 3245 .

199 3307 519 3369 l⁰Sacramentalium
528 3314 673 3372 naturam
683 3315 714 3373 et
724 3312 844 3390 species
855 3314 1084 3392 expendemus3

197 3401 228 3456 2⁰
245 3400 372 3461 Illorum
389 3401 560 3480 juridicum
581 3409 696 3469 statum
717 3408 749 3469 in
771 3409 984 3474 ecclesiastica
1004 3427 1088 3474 oeco-

157 3492 263 3554 nomia
276 3492 566 3562 determinabimus.
713 3496 716 3501 ’
