2530 4016
178 215 243 310 ‘280
390 260 620 307 1usr1rorrouns
641 261 724 339 rums
746 261 902 308 cruorum.

184 407 318 470 cambris
332 409 380 470 est
392 406 498 469 littera
511 407 535 466 B
560 425 567 466 ε
590 405 616 466 si
638 423 712 486 ergo
728 405 834 469 littera
848 407 1043 472 dominicalis
1057 413 1115 474 erit

182 507 221 582 A,
246 508 371 584 tempus
396 503 427 566 S.
451 501 611 564 Adventus
626 501 685 564 erit
707 503 996 583 perbrevissimum,
1013 510 1044 569 et
1065 526 1114 568 ex·
1239 559 1240 588 ,

183 602 273 680 pletis
280 599 637 662 tribushebdomadibus
647 599 881 678 comprehensis
888 601 972 664 intra
983 607 1117 682 quatuor

180 699 300 760 litteras
316 697 529 773 dominicales,
546 696 598 756 vix
610 696 734 756 initium
747 696 849 776 tangit
860 702 979 777 quados
996 700 1115 762 hebdo-

182 795 295 856 madae.
312 792 502 854 Namlittera
515 793 539 852 B
553 789 734 852 immediate
748 793 890 872 sequitur
904 799 1051 874 quartam
1064 797 1116 858 lit-

180 894 280 952 teram
302 887 523 949 dominicalem
544 891 589 960 A;
616 906 672 947 seu
700 888 766 948 dies
790 889 967 951 Nativitatis
989 892 1115 952 Domini

180 983 313 1045 recurrit
327 982 377 1043 die
391 983 485 1058 lunae,
503 1001 558 1042 seu
577 981 656 1042 feria
678 983 818 1044 secunda
837 983 1021 1048 immediate
1044 990 1116 1065 post

180 1083 370 1145 dominicam
385 1085 530 1162 quartam
544 1080 717 1142 Adventus.

220 1180 282 1243 Sed
297 1181 323 1240 si
336 1180 440 1242 littera
455 1177 649 1239 dominicalis
660 1195 849 1257 percurrens
864 1180 973 1241 ordine
987 1181 1113 1243 inverso

178 1275 227 1336 sui
240 1273 437 1354 retrograde,
453 1273 612 1352 integrum
627 1273 841 1352 septenarium
856 1273 895 1334 ab
911 1275 938 1334 A
953 1275 1114 1336 redeated

53 1355 58 1364 ⁴
177 1372 212 1446 B,
239 1370 299 1432 hoc
319 1372 444 1449 tempus
468 1369 487 1430 S
513 1368 675 1430 Adventus
695 1368 754 1430 erit
774 1369 1004 1448 longissimum.
1030 1373 1114 1432 Nem

178 1482 252 1523 eum
265 1463 368 1525 littera
392 1462 587 1524 dominicalis
611 1462 768 1526 coincidet
787 1481 858 1524 eum
871 1463 975 1525 littera
994 1464 1054 1524 diei
1073 1469 1112 1526 25

177 1558 362 1635 decembris,
379 1559 414 1621 fit
429 1561 462 1620 ut
484 1558 641 1618 dominica
654 1558 833 1620 immediate
855 1577 992 1638 sequens
1019 1571 1112 1640 quar-

176 1661 242 1715 tam
257 1653 447 1715 dominicam
461 1653 634 1730 Adventus,
651 1672 707 1714 seu
722 1654 789 1714 dies
804 1655 1112 1718 NativitatisDemini

51 1769 53 1772 ·
176 1769 232 1812 seu
248 1749 404 1811 dominica
420 1751 531 1828 quarta
545 1748 707 1811 Adventus
723 1750 818 1812 distet
831 1769 849 1811 a
864 1751 1034 1814 Nativitate
1049 1755 1112 1815 De-

176 1845 252 1906 mini
267 1844 367 1924 spatio
381 1844 513 1921 integrae
529 1842 748 1905 hebdomada.

216 1942 278 2004 Sed
293 1939 406 2019 quarta
419 1941 523 2002 littera
537 1940 574 2014 A,
592 1939 792 2002 ascendendo
813 1959 833 2001 a
854 1939 904 2001 die
919 1945 956 2002 25
982 1941 1110 2004 decem·

174 2041 239 2100 bris
252 2037 362 2098 incidit
383 2038 416 2097 in
433 2036 517 2097 diem
531 2038 581 2096 3³¹n
598 2033 785 2112 decembris,
802 2039 925 2114 quarta
946 2035 1051 2099 littera
1069 2040 1107 2116 B,

174 2133 206 2194 in
222 2134 355 2194 diem27
378 2131 576 2206 novembris3
603 2151 679 2214 ergo
703 2151 722 2193 a
746 2133 795 2194 die
810 2137 849 2193 27
873 2123 1109 2194 novembris'ed

175 2230 258 2292 diem
280 2233 330 2291 3¹¹¹n
350 2228 536 2305 decembris,
557 2245 647 2289 seua
668 2227 825 2288 dominica
843 2245 913 2306 quae
934 2229 1017 2289 inter
1040 2227 1109 2291 haec

174 2329 236 2390 duo
259 2329 399 2390 extrema
417 2327 605 2404 continetur,
625 2326 735 2406 incipit
748 2343 838 2387 sacer
858 2326 1030 2404 Adventus,
1050 2326 1108 2388 ini-

173 2427 252 2487 tium
266 2422 569 2486 anni-ecelesiastici.
771 2437 774 2441 ’

214 2523 292 2581 Cum
306 2522 413 2582 autem
427 2518 566 2579 medium
581 2517 663 2578 inter
677 2517 737 2578 hoe
752 2517 815 2578 duo
830 2517 971 2579 extrema
988 2517 1109 2596 reperi-

173 2621 224 2678 tur
238 2613 489 2675 ennivers'erium
504 2616 536 2676 S.
549 2613 688 2675 'Andreae
712 2614 796 2694 qued
811 2613 950 2675 Ecclesia
969 2613 1108 2674 celebrat

173 2710 224 2770 die
239 2711 278 2770 30
293 2709 483 2785 novembris,
500 2725 556 2786 pro
579 2710 691 2789 regula
709 2710 849 2789 practica
869 2701 1006 2772 traditur
1020 2711 1106 2789 quod

173 2804 330 2867 dominica
345 2805 417 2866 huie
440 2805 520 2866 feste
535 2806 719 2883 proximiori
742 2799 869 2886 incipiat
884 2825 985 2868 annus
1006 2806 1106 2868 eecle-

172 2903 326 2964 siastieus.

440 3005 475 3050 11.
489 3006 520 3050 De
534 3006 638 3050 Praebete
650 3007 831 3052 Resurrectionis.

211 3109 333 3171 XXVII.
352 3105 459 3168 Altera
481 3104 663 3167 solemnitas
679 3124 748 3186 quae
774 3122 931 3167 summam
946 3106 1042 3168 hehet
1055 3125 1106 3166 re-

170 3205 321 3266 lationem
334 3219 407 3263 cum
422 3202 531 3262 ordine
556 3200 733 3262 kalendarii
747 3201 910 3264 christiani
931 3204 977 3264 est
989 3200 1103 3264 festum

170 3297 329 3357 Paschalis
359 3296 625 3371 Resurrectionis3
651 3295 767 3377 quippe
791 3296 830 3357 ab
853 3314 890 3359 ee
912 3301 1064 3376 tanquam
1084 3315 1104 3356 a

170 3391 272 3471 primo
298 3392 416 3469 mobili,
433 3382 548 3454 eaetera
570 3392 649 3454 festa
672 3392 801 3454 mobilia
819 3392 1009 3472 dependent,
1030 3410 1101 3472 quae

170 3487 283 3546 ornant
297 3485 415 3547 cultum
429 3487 649 3549 christianum.
667 3487 730 3550 Sed
744 3486 838 3568 hujus
856 3487 1033 3553 festivitatis
1047 3487 1103 3548 de-
