2548 4020
385 369 424 412 na
446 367 572 415 onrncro
593 370 674 416 roms
696 370 851 419 cruorum.
1027 367 1085 424 245

83 548 88 560 ·
155 530 244 575 sacra
267 529 357 587 vasa,
383 516 416 574 et
437 512 581 575 universa
604 531 693 578 sacra
721 517 863 596 supellex
887 521 1084 585 servabatur.

195 609 420 691 Postopborr'om
444 604 505 688 quo
520 610 767 690 designabantur
788 613 919 675 edificia
938 616 998 694 pro'
1017 636 1085 679 cns

156 705 291 782 todibus,
308 711 338 768 et
351 705 497 767 ministris
512 707 715 768 ecclesiarum
732 727 739 768 :
756 709 798 770 ita
814 710 1024 772 communius.

195 801 302 864 Schola
317 808 348 864 et
361 801 549 868 bibliotheca
563 823 619 883 pro
635 803 745 866 studiis
760 805 954 868 clericorum.

195 900 257 960 Sed
271 899 377 960 isthaec
396 897 507 973 forma,
523 916 593 978 quae
618 899 751 961 obtinuit
765 900 870 980 quoad
893 901 1081 966 celebriores

154 999 294 1058 vetustas
308 984 720 1069 ecclesias‘cbristianorum
741 997 835 1059 hodie
848 997 881 1058 in
905 997 1086 1061 desuetudi-

153 1107 227 1151 nem
241 1081 374 1166 transiit,
387 1089 510 1151 duobus
525 1108 598 1152 vero
608 1107 733 1171 semper
743 1093 873 1154 servatis
884 1092 1085 1156 interioribus

154 1187 521 1266 eeclesiarum-partibus,
538 1205 609 1266 quae
628 1189 820 1270 respondent
834 1190 926 1250 variis
950 1193 1082 1254 statibus

153 1301 357 1364 personarum
371 1283 402 1342 in
421 1283 571 1358 Ecclesia,
585 1283 672 1361 juxta
697 1285 896 1347 essentialem
910 1285 992 1347 illius
1016 1289 1080 1349 ina·

152 1378 328 1440 titutiouem
345 1395 352 1438 :
368 1377 513 1439 videlicet
536 1377 623 1439 navis
646 1381 677 1440 et
699 1379 923 1442 sanctuarinm.
950 1382 986 1440 ln
1009 1385 1081 1443 navi

151 1474 278 1556 ponitur
301 1475 518 1553 utplurimum
540 1474 768 1552 baptisterium.
790 1475 1006 1540 Sanctuarium
1029 1496 1082 1539 au-

152 1561 215 1633 tem
230 1577 293 1632 tres
307 1573 410 1649 partes
424 1570 529 1647 habet,
546 1570 690 1633 videlicet
705 1569 946 1651 presbyterium,
971 1574 1080 1646 altare,

152 1663 293 1726 chorum.
324 1664 505 1748 sanctuario
534 1665 657 1744 adjacet
683 1666 867 1743 diaconion,
894 1687 949 1730 seu
977 1687 1082 1732 sacra-

149 1760 242 1821 rium.
261 1759 354 1820 Navis
369 1767 416 1821 est
439 1779 494 1839 pro
509 1761 612 1835 laicis3
636 1763 847 1840 sanctuarium
860 1748 920 1843 'pro
945 1766 1080 1842 clericis,

151 1873 213 1934 quo
234 1854 268 1916 lit
289 1858 324 1916 ul
338 1855 505 1917 edificium
520 1859 580 1918 hoc
594 1858 769 1932 materiale,
785 1859 924 1922 aediticiis
935 1862 1082 1941 spiritua-

149 1950 197 2029 lis,
214 1949 299 2030 quod
312 1958 359 2013 est
371 1953 508 2016 Ecclesia
523 1953 667 2016 distincta
681 1953 714 2014 in
729 1954 848 2016 clerum
863 1962 894 2019 et
913 1959 1076 2037 populum,

149 2045 263 2109 referat
277 2047 460 2127 imaginum.

320 2207 321 2212 ’
406 2211 419 2258 5
434 2205 466 2250 11.
481 2205 509 2250 nr
525 2216 683 2251 nccnnsrtanrr
698 2215 829 2251 ermetanos.

189 2319 224 2380 V.
242 2317 387 2381 Ecclesiae
402 2335 458 2378 seu
473 2317 548 2379 sedis
562 2335 659 2379 sacra
682 2317 860 2379 christiane
877 2335 993 2381 nomen
1017 2322 1079 2385 late

149 2406 311 2492 acceptum
327 2403 404 2474 duas
419 2413 541 2492 species
556 2413 759 2474 ecclesiarum
774 2431 830 2473 seu
845 2413 960 2475 redium
975 2432 1079 2492 sacra·

148 2529 220 2570 rum
242 2509 395 2572 includit:
420 2509 489 2571 aliae
515 2516 588 2571 sunt
609 2509 799 2587 queesacris
822 2510 980 2572 ordinario
1005 2530 1080 2592 ope-

149 2606 256 2667 randis
270 2612 341 2667 snnt
364 2606 539 2678 destinatae,
556 2604 623 2666 aliae
649 2623 722 2666 vero
739 2624 809 2686 quae
833 2607 1079 2670 extraordinario

150 2702 244 2764 sacris
258 2701 444 2781 peragendis
460 2702 651 2763 deserviunt.
669 2703 764 2762 Primi
788 2704 913 2783 generis
929 2705 1013 2765 aedes
1036 2705 1080 2766 di·

151 2804 264 2858 cuntur
277 2797 382 2859 stricto
397 2815 493 2858 sensu
507 2796 645 2858 ecclesiae
672 2815 679 2856 :
707 2797 834 2860 alterius
849 2787 973 2878 generis
997 2799 1080 2860 sedes

151 2893 294 2956 strictiori
309 2897 561 2955 sensuvocantur
576 2893 789 2966 oratoria,seu
805 2895 945 2972 capellae.
957 2896 1079 2960 Utrum·

150 3005 210 3067 que
226 3007 326 3069 genus
341 2995 425 3069 patet
443 2987 639 3067 sequioribus
654 2989 916 3051 distinctionibus.
941 2990 1079 3050 Seorsim

150 3084 189 3144 de
204 3089 349 3163 utroque.

189 3178 398 3242 Eoclesiarum
408 3179 516 3240 divisio
524 3175 898 3258 profisciscituramajori
907 3177 956 3238 val
967 3177 1080 3238 minori

151 3290 258 3333 aarum
283 3273 447 3352 dignitate,
463 3278 494 3334 et
518 3289 558 3332 ex
572 3270 701 3350 juribus.
728 3271 801 3333 llaec
821 3269 921 3346 major
945 3268 1080 3348 dignitas

151 3377 182 3432 et
195 3372 315 3451 majora
328 3371 398 3450 jura
413 3367 691 3449 apprehenduntur
705 3383 744 3427 ex
753 3364 905 3446 dignitate
919 3367 951 3427 et
956 3365 1080 3445 juribus

151 3487 261 3528 eorum
275 3469 328 3547 qui
342 3468 402 3529 illis
416 3466 594 3528 immediate
614 3463 841 3543 praeficiuntur3
860 3461 943 3524 unde
966 3461 1081 3525 consti-

151 3567 242 3624 tuunt
265 3564 455 3644 categoriam
483 3563 576 3624 valde
604 3561 797 3622 consimilem
825 3577 896 3620 cum
925 3555 1081 3636 categoria

950 3652 996 3706 14*
