2504 4024
149 285 203 344 154
352 293 579 340 ruscinonenss
600 293 682 339 iners
704 292 859 338 crnosrcr.

146 443 215 504 est?
229 437 309 515 Quid
324 444 372 500 est
385 439 512 518 spiritus
527 438 593 498 sine
607 437 733 499 homine
748 435 837 516 eujus
852 436 918 498 est?
931 437 1012 509 Quid
1027 457 1076 500 re·

144 538 218 618 ligio
238 537 304 596 sine
324 533 521 597 colentibus?
540 535 619 596 Sunt
639 536 808 612 conceptus
827 533 987 610 abstracti,
1010 534 1076 594 ohi-

144 633 262 708 merici,
281 632 336 711 qui
353 631 488 692 realitati
508 647 570 690 non
589 627 790 707 respondent.
808 629 888 689 Sunt
905 629 1010 690 media
1023 647 1075 690 su-

144 748 201 807 per
221 727 347 789 fictione
369 726 501 786 fundata
531 726 571 786 ad
602 724 791 792 eludendam
821 723 938 786 directo
967 730 1076 787 auoto-

145 827 270 888 ritatem
284 823 443 899 Ecclesiae,
459 825 491 884 et
505 839 562 900 per
581 838 776 901 consequens
795 838 921 882 omnem
939 823 1077 884 auctori-

146 925 252 984 tatem.

184 1019 263 1077 Nam
281 1014 393 1075 eadem
413 1013 567 1092 principia
586 1011 743 1092 applicata
766 1011 954 1092 legislationi
974 1013 1077 1074 eecle-

144 1109 294 1184 aiassae,
325 1106 482 1186 applicata
505 1106 569 1186 juri
597 1105 732 1168 naturali
759 1125 778 1168 a
804 1108 1075 1187 pseudo-politicis

143 1205 292 1269 transacti
313 1205 429 1281 saculi,
448 1203 666 1282 producebant
685 1202 912 1283 legislationem
933 1205 1072 1266 ethaam.

143 1305 222 1362 Nam
243 1300 465 1379 distinguendo
488 1301 588 1362 civem
610 1300 649 1360 ab
672 1300 797 1360 homine
818 1301 963 1376 naturali,
983 1302 1074 1378 parri

141 1401 320 1481 panderunt
343 1400 478 1461 hominis
501 1403 647 1460 naturam
667 1400 700 1460 in
723 1399 832 1460 ordine
853 1398 894 1460 ad
915 1398 1073 1477 publicam

141 1500 241 1559 status
255 1495 447 1573 felicitatem,
464 1498 495 1558 et
513 1496 617 1575 legem
631 1494 755 1556 civilem
773 1495 1012 1556 considerarunt
1024 1494 1073 1554 iu-

143 1592 358 1671 dependenter
378 1592 418 1651 ab
441 1591 611 1653 intrinseca
629 1600 756 1652 actuum
779 1591 967 1668 moralitate,
983 1591 1074 1651 inde-

142 1688 316 1768 pendenter
330 1687 430 1767 ajure
446 1689 604 1749 natura...
622 1689 668 1750 lta
681 1687 834 1766 legislatio
853 1687 950 1749 civilis
969 1688 1074 1750 athaea

141 1787 224 1848 faeta
236 1787 293 1860 est,
304 1784 560 1846 etdemocratioae
571 1783 731 1864 regiminis
742 1783 850 1846 forma
861 1784 1018 1862 applicata
1026 1787 1074 1846 est

140 1880 359 1959 pantheistica.

180 1978 254 2037 Haec
268 1979 341 2036 sunt
355 1975 521 2037 corollaria
534 1975 766 2056 legislationum
776 1994 845 2056 qua
855 1994 919 2037 non
931 1977 963 2038 in
978 1977 1073 2038 reali-

139 2075 215 2145 tate,
239 2069 348 2130 sedin
370 2070 496 2132 fictione
525 2070 706 2132 fundantur.
730 2072 831 2132 Homo
851 2075 980 2156 nonest
1000 2072 1073 2134 abs-

139 2162 249 2226 tractio
263 2163 388 2239 mentis,
406 2164 457 2224 vel
470 2164 553 2225 fictio
571 2163 664 2243 juris,
679 2163 735 2225 sed
750 2164 927 2226 estfactum
942 2182 1073 2227 concre-

138 2266 206 2322 tum
219 2261 324 2339 prouti
340 2261 488 2322 coalescit
502 2279 539 2321 ex
554 2259 700 2321 omnibus
714 2259 838 2339 juribus
857 2266 888 2323 et
905 2261 1072 2342 obligatio-

139 2357 231 2417 nibus
254 2356 428 2417 seeundum
451 2357 555 2417 vanas
578 2357 746 2418 relationes
770 2358 803 2417 in
831 2357 945 2437 quibus
967 2362 1072 2436 potest

139 2452 341 2529 considerari,
359 2453 454 2513 variis
472 2452 564 2515 subdi
582 2456 685 2532 potest
701 2452 960 2534 legislationibus,
976 2459 1008 2516 et
1020 2472 1071 2516 se-

138 2547 276 2607 cundum
298 2549 403 2610 varios
426 2549 553 2609 ordines
581 2549 792 2622 considerari;
823 2549 878 2610 sed
905 2550 947 2611 in.
965 2550 1071 2612 varios

139 2643 281 2703 homines
290 2641 451 2705 distinctos
461 2643 636 2704 seeundum
646 2645 786 2708 diversos
798 2646 924 2708 ordines
934 2646 1071 2725 discerpi

138 2757 200 2800 non
215 2741 328 2815 potest.
432 2743 433 2746 ’

176 2835 259 2913 Ergo
275 2850 347 2894 cum
361 2851 442 2922 nnus
461 2834 501 2896 sit
522 2839 554 2898 et
573 2836 657 2897 idem
681 2838 775 2899 homo
794 2839 955 2915 naturalis,
973 2839 1071 2902 chris-

137 2931 251 3006 tianuS,
265 2930 353 3008 civis,
365 2947 493 2992 necesse
504 2936 596 2995 estut
608 2952 669 2994 una
681 2933 835 3014 legislatio
850 2937 943 2998 aliam
957 2935 1070 2999 limitet

136 3027 324 3104 necessario,
341 3045 381 3087 ne
395 3025 513 3089 factum
531 3029 592 3090 hoo
613 3049 619 3090 :
642 3029 953 3108 bomo,destruatur.
971 3034 1069 3094 Porro

132 3123 185 3203 jus
205 3123 348 3187 naturale
367 3123 453 3185 nullo
469 3123 541 3205 jure
559 3127 663 3204 potest
679 3125 800 3203 violari,
817 3145 889 3188 cum
903 3128 936 3188 in
956 3127 1069 3190 intrin-

136 3235 209 3279 seca
223 3224 336 3282 natura
350 3220 511 3298 consistat,
527 3221 600 3283 licet
613 3222 684 3302 jure
700 3222 797 3302 possit
811 3223 1014 3286 determinari
1026 3223 1068 3286 ob

135 3313 343 3393 ignorantiam
357 3318 530 3382 homiuum.
546 3320 613 3384 Sed
627 3321 725 3382 semel
740 3317 776 3382 a'o
790 3321 843 3402 jus
856 3323 999 3385 naturale
1013 3341 1068 3383 su-

136 3412 328 3486 pernaturali
344 3411 415 3490 jure
437 3415 584 3476 affectum
605 3420 663 3492 est,
680 3415 762 3478 civili
783 3419 981 3498 naturalique
1002 3436 1066 3479 non

135 3508 289 3572 subditur.
311 3511 393 3590 Ergo
415 3513 441 3571 si
461 3513 561 3574 civilis
581 3515 749 3578 auotoritas
772 3531 845 3576 suos
864 3513 977 3577 limites
998 3514 1065 3576 vult
