2530 4016
421 252 461 297 un
481 251 609 298 omnum
628 253 711 299 rums
733 252 887 300 usaomur.
1057 245 1127 304 323·

186 397 243 460 sed
272 395 492 459 tractationem
519 395 601 456 beno
627 395 807 456 universam
833 396 931 459 relate
955 398 996 458 ad
1018 416 1116 459 unum

186 503 340 574 punctum
356 490 575 567 considerabo,
597 490 744 552 videlicet
764 491 796 551 in
814 492 923 552 ordine
937 493 978 554 ad
993 494 1118 556 distinc-

186 589 305 648 tionem
324 587 453 664 propter
472 602 567 663 quam
590 602 641 644 res
659 585 864 664 temporales,
890 603 960 665 quae
979 588 1116 668 alioquin

187 685 292 743 esseut
313 680 517 742 sacularibus
540 680 647 741 usibus
675 680 850 765 destinata,
869 687 942 742 sunt
955 683 1118 743 ecclesias-

186 777 269 852 ticae,
286 775 374 836 etita
388 774 527 836 evadunt
541 774 699 853 objectum
714 775 908 837 exclusivum
919 775 998 856 juris
1006 779 1114 838 nostri.

225 873 299 932 lam
322 887 396 931 vero
420 887 470 930 res
492 869 684 950 temporales
704 871 737 931 in
760 870 869 932 ordine
891 871 1035 932 adhunc
1057 872 1116 932 dis-

186 966 370 1028 tinctionem
383 965 577 1026 considerari
590 968 721 1044 possunt
734 965 766 1025 in
780 967 894 1046 triplici
909 971 1007 1050 statu;
1032 967 1116 1029 vide-

186 1059 278 1122 licet:
641 1075 645 1084 '

227 1160 258 1218 l⁰
272 1159 307 1218 In
322 1159 405 1218 statu
420 1172 482 1236 quo
497 1155 675 1236 hujusmodi
690 1156 922 1218 distinctionem
937 1158 1114 1235 acquirunt,

186 1271 242 1314 seu
262 1256 428 1315 transeunt
446 1253 480 1312 in
494 1251 669 1313 dominium
682 1252 840 1328 Ecclesia,
866 1255 897 1313 et
910 1252 954 1312 ita
967 1252 1007 1312 de
1022 1270 1117 1314 saecu-

186 1345 305 1407 laribus
318 1347 399 1408 fiunt
412 1345 643 1408 ecclesiasticae.

225 1447 256 1502 2⁰
281 1444 317 1504 In
341 1445 509 1521 statuque
533 1445 662 1503 manent
684 1443 716 1502 in
737 1441 891 1521 acquisita
905 1440 1114 1522 distinctione,
1165 1521 1168 1527 Ι

185 1557 242 1600 scu
255 1545 329 1600 sunt
351 1540 409 1601 sub
431 1538 569 1600 dominio
591 1542 623 1600 et
643 1539 838 1617 possessione
861 1532 1020 1615 Ecclesiae,
1046 1554 1115 1617 quae

185 1634 254 1694 illas
277 1633 477 1696 administrat
499 1636 530 1694 et
553 1632 712 1695 distribuit
734 1635 770 1711 ut
789 1633 885 1693 finem
903 1650 967 1693 suae
988 1631 1118 1693 distinc-

185 1727 279 1791 tionis
294 1728 467 1790 obtineant.

224 1825 257 1885 3⁰
271 1823 306 1884 In
320 1827 404 1885 statu
418 1841 481 1904 quo
499 1822 682 1903 hujusmodi
700 1821 934 1885 distinctionem
955 1819 1114 1895 amittunt,

185 1933 241 1978 seu
256 1918 295 1980 de
310 1918 459 1982 Ecclesia
474 1919 613 1981 dominio
628 1919 659 1978 in
675 1917 812 1978 alienum
826 1917 1001 1978 dominium
1015 1919 1115 1977 trans·

185 2013 338 2093 feruntur,
355 2033 411 2075 seu
425 2015 465 2076 de
480 2013 698 2077 ecclesiasticis
712 2014 791 2076 finnt
804 2012 982 2074 saeculares.

224 2112 307 2191 Ergo
331 2111 550 2174 tractationem
573 2114 713 2172 nostram
735 2109 910 2172 dividemus
931 2108 964 2168 in
984 2107 1045 2171 tria
1066 2125 1115 2168 ca·

184 2205 273 2284 pita:

225 2303 257 2361 l⁰
284 2305 328 2363 De
360 2303 582 2382 temporalium
613 2302 760 2364 Ecclesiae
787 2301 948 2392 'bonorum
979 2298 1114 2379 acquisi-

184 2397 287 2471 tione;

224 2498 256 2556 2⁰
271 2497 315 2554 De
329 2494 551 2573 temporalium
568 2494 715 2556 Ecclesia
735 2494 890 2555 bonorum
913 2489 1114 2553 administra-

184 2591 286 2666 tione3

138 2741 144 2752 .
224 2690 256 2748 3⁰
270 2689 314 2748 De
329 2686 550 2765 temporalium
570 2685 717 2746 Ecclesia
735 2686 891 2749 honorum
911 2682 1110 2746 alienatione.

519 2901 623 2952 CAPUT
639 2901 778 2952 nnrnun.

193 3037 197 3044 “
254 3023 256 3027 ’
318 3051 320 3055 ,
350 3028 383 3066 DE
399 3027 591 3075 Aconlslrronn
607 3029 735 3068 BONORUM
752 3025 952 3068 rnuronanlnn.

223 3159 395 3240 Anquisitio
409 3160 565 3224 honorum
578 3160 799 3238 temporalium
808 3162 909 3238 potest
919 3157 1113 3219 considerari

184 3253 215 3313 in
237 3256 346 3316 ordine
368 3256 408 3318 ad
428 3256 481 3336 jus
503 3261 534 3318 et
553 3259 586 3318 in
610 3256 719 3317 ordine
741 3256 782 3316 ad
803 3257 931 3317 factum.
958 3253 1112 3316 Videlicet

182 3353 286 3428 potest
300 3353 490 3414 considerari
506 3356 540 3414 ut
550 3353 602 3433 jus
616 3353 799 3431 acquirendi
813 3352 861 3412 vel
876 3351 988 3412 modus
1003 3349 1113 3429 acqui-

183 3445 284 3507 rendi.
395 3485 399 3493 ·
