2476 4022
177 283 216 342 64
385 293 614 340 1rlsrlror10nns
634 294 716 340 rums
739 293 893 340 cenoman

178 440 303 523 quando
319 443 350 502 et
363 439 465 500 minor
480 443 547 500 erat
560 437 816 518 presbyterorum
830 458 996 520 numerus,
1014 446 1045 506 et
1059 443 1117 504 in·-

177 534 340 596 oommode
355 534 395 595 ab
410 551 472 595 uno
490 534 674 613 presbytero
695 536 872 595 communio
893 536 951 597 suh
971 542 1112 618 utraque

176 633 278 712 speeie
293 636 417 712 poterat
431 631 708 724 administrari-At
725 635 866 693 cessante
885 635 1110 696 commuuione

176 728 234 790 sub
249 731 382 808 utraque
396 727 512 806 specie,
533 727 578 788 ita
595 743 702 786 rarum
722 727 821 786 evasit
839 727 1020 807 hujusmodi
1039 727 1109 790 dia·

177 843 327 890 cenorum
341 823 489 900 efficium,
507 826 541 886 ut
561 823 685 884 nonnisi
707 827 838 901 urgente
860 825 1045 888 necessitate
1067 826 1108 886 iis

176 925 274 1006 possit
287 920 449 984 committi.

214 1017 379 1080 Inferiores
393 1020 499 1078 antem
513 1013 629 1093 clerici,
645 1020 677 1080 et
690 1015 789 1077 multo
803 1015 905 1095 magia
922 1016 1006 1094 laici,
1028 1036 1107 1080 non·

174 1117 234 1178 nisi
247 1117 378 1193 urgente
394 1113 589 1190 necessitate,
606 1116 638 1174 et
657 1131 819 1193 nunquam
838 1133 876 1174 ex
897 1114 1000 1196 officio
1021 1118 1053 1176 et
1074 1115 1107 1176 vi

175 1213 291 1276 ordinis
305 1210 429 1273 suntad
445 1209 624 1290 hujusmodi
638 1227 752 1270 munus
767 1210 918 1289 deputati.
931 1213 978 1272 lta
987 1213 1106 1273 scimus

173 1307 374 1368 saevientibus
387 1305 655 1384 persecutionibus
670 1306 868 1383 potissimum
886 1306 1019 1367 liberam
1038 1307 1105 1367 fac-

172 1406 238 1465 tam
252 1403 347 1464 fnisse
368 1402 465 1464 cuivis
487 1401 571 1462 fideli
594 1401 773 1464 facultatem
794 1419 900 1464 secum
920 1404 1105 1480 asportandi

173 1499 302 1560 domum
316 1497 556 1574 Eucharistiam,
571 1501 658 1559 ntea
673 1513 729 1576 pro
745 1498 978 1578 opportunitate
989 1517 1022 1559 sa
1033 1499 1104 1562 ress-

172 1597 266 1655 eeret.
294 1595 411 1656 Verum
433 1592 556 1652 reddita
576 1591 723 1653 Ecclesia
747 1608 834 1670 pace,
859 1591 1011 1670 paulatim
1034 1591 1104 1654 hmo

172 1687 335 1767 disciplina
350 1687 482 1749 cessavit
499 1707 505 1748 :
522 1687 574 1748 vix
588 1690 686 1750 restat
700 1686 984 1748 extraordinarium
1002 1690 1034 1748 et
1053 1687 1103 1747 in-

171 1782 319 1863 frequens
334 1782 538 1844 diaconornm
551 1782 584 1841 in
599 1782 659 1843 hac
672 1801 706 1842 re
720 1799 845 1858 munus,
863 1784 894 1842 et
907 1782 958 1843 vix
973 1781 1101 1861 aliquod

171 1879 308 1957 reperire
324 1871 380 1939 'cst
403 1875 582 1955 exemplum
605 1876 714 1937 similis
736 1875 892 1938 facultatis
915 1875 1002 1935 laicis
1026 1893 1104 1936 cou-

171 1991 278 2036 oassae.
295 1975 327 2034 S.
346 1973 418 2034 Pius
439 1975 465 2035 V
487 1969 593 2056 Maria
617 1971 761 2034 Stuartiea
784 1973 950 2038 Scotorum
968 1971 1099 2050 reginae,

170 2087 269 2150 quum
287 2069 327 2130 ab
346 2068 528 2130 Elisabetha
547 2068 721 2146 Anglornm
742 2068 851 2146 regina
872 2066 1033 2128 catholicis
1053 2067 1103 2127 in·

169 2164 345 2226 fensiaaima
359 2164 536 2227 carceribus
555 2163 756 2239 detineretur,
779 2163 932 2225 concessit
951 2165 986 2223 ut
1003 2180 1100 2224 manu

169 2260 297 2338 propria
311 2260 538 2322 Eucharistiam
553 2260 700 2319 sumeret.

209 2357 386 2437 Aliquando
401 2375 418 2416 e
434 2353 620 2418 contradixi
633 2352 794 2433 prohibitos
807 2371 866 2414 eoae
881 2353 920 2414 eh
940 2352 1035 2432 hujus
1050 2369 1101 2413 sa-

169 2452 319 2514 cramenti
349 2451 630 2528 administratione,
657 2450 709 2530 qni
734 2453 838 2511 essent
860 2449 992 2510 ministri
1016 2448 1101 2509 illins

169 2546 421 2609 consecrationis.
434 2549 554 2609 Eadem
564 2565 659 2609 causa
669 2565 738 2626 quae
746 2546 847 2608 suasit
856 2546 1100 2608 ecclesiasticam

169 2642 365 2719 disciplinam
380 2647 492 2703 utnon
511 2660 620 2703 omnes
638 2642 839 2720 presbyteros
858 2642 1038 2722 admitteret
1058 2644 1098 2705 ad

167 2736 364 2814 baptismatis
385 2737 593 2813 collationem,
617 2737 672 2823 sed
694 2741 776 2800 esset
797 2739 865 2799 haec
888 2738 1005 2800 functio
1028 2757 1099 2802 mu-

167 2832 252 2893 neris
266 2833 463 2912 paroehialis,
482 2832 593 2907 eedem
612 2833 662 2894 vel
681 2834 790 2894 similis
808 2835 905 2896 suasit
924 2838 958 2897 nt
975 2836 1098 2897 Eucha-

166 2929 255 2991 ristia
275 2929 398 2991 nonnisi
419 2928 602 3008 aparoohis
623 2929 673 2990 vel
694 2929 885 3008 preshyteris
907 2930 946 2992 de
967 2932 1098 3009 parochi

166 3025 291 3088 licentia
305 3025 588 3088 administraretur.
601 3027 642 3088 Ut
656 3025 739 3086 anim
755 3027 883 3107 qnidam
898 3028 975 3089 ordo
990 3046 1098 3092 serva-

166 3126 252 3182 retur
273 3123 306 3181 in
329 3127 599 3186 sacramentorum
622 3121 903 3197 administratione,
929 3127 1097 3202 postquam

164 3217 493 3296 parochiaeinstitutae
516 3218 599 3292 sunt,
622 3215 720 3277 voluit
741 3215 880 3277 Ecclesia
900 3219 935 3279 ut
955 3217 1097 3294 pateruae

164 3311 375 3390 parochorum
408 3311 607 3375 sollicitudini
621 3341 622 3346 κ
635 3315 905 3374 sacramentorum
933 3313 1093 3390 omnium,

165 3422 298 3484 quorum
312 3405 632 3471 administrandorum
645 3423 746 3484 capax
760 3410 827 3469 erat
841 3407 918 3470 ordo
934 3408 1096 3487 presbyta-
1139 3410 1142 3416 '

163 3501 249 3577 ralia,
266 3500 388 3564 oollatio
403 3506 435 3563 et
448 3503 641 3590 dispensatio
656 3503 912 3565 committeretur.
