<?xml version="1.0" encoding="UTF-8"?>
<!DOCTYPE html PUBLIC "-//W3C//DTD XHTML 1.0 Transitional//EN"
    "http://www.w3.org/TR/xhtml1/DTD/xhtml1-transitional.dtd">
<html xmlns="http://www.w3.org/1999/xhtml" xml:lang="en" lang="en">
 <head>
  <title>
</title>
<meta http-equiv="Content-Type" content="text/html;charset=utf-8" />
  <meta name='ocr-system' content='tesseract 3.04.00' />
  <meta name='ocr-capabilities' content='ocr_page ocr_carea ocr_par ocr_line ocrx_word'/>
</head>
<body>
  <div class='ocr_page' id='page_1' title='image "./institutionesju00marigoog_0100.png"; bbox 0 0 2504 4024; ppageno 0'>
   <div class='ocr_carea' id='block_1_1' title="bbox 384 275 1078 335">
    <p class='ocr_par' dir='ltr' id='par_1_1' title="bbox 384 275 1078 335">
     <span class='ocr_line' id='line_1_1' title="bbox 384 275 1078 335; baseline 0.006 -4"><span class='ocrx_word' id='word_1_1' title='bbox 384 287 424 332; x_wconf 82' lang='lat' dir='ltr'><strong>nn</strong></span> <span class='ocrx_word' id='word_1_2' title='bbox 445 285 571 333; x_wconf 70' lang='lat' dir='ltr'><strong>cancro</strong></span> <span class='ocrx_word' id='word_1_3' title='bbox 591 287 673 333; x_wconf 84' lang='lat' dir='ltr'><strong>runis</strong></span> <span class='ocrx_word' id='word_1_4' title='bbox 696 286 849 332; x_wconf 75' lang='lat' dir='ltr'><strong>csuourcr.</strong></span> <span class='ocrx_word' id='word_1_5' title='bbox 1040 275 1078 335; x_wconf 88' lang='grc'><strong>93</strong></span> 
     </span>
    </p>
   </div>
   <div class='ocr_carea' id='block_1_2' title="bbox 107 428 1088 3464">
    <p class='ocr_par' dir='ltr' id='par_1_2' title="bbox 148 428 1082 1083">
     <span class='ocr_line' id='line_1_2' title="bbox 148 428 1077 513; baseline -0.001 -19"><span class='ocrx_word' id='word_1_6' title='bbox 148 431 221 513; x_wconf 86' lang='lat' dir='ltr'><strong>jura</strong></span> <span class='ocrx_word' id='word_1_7' title='bbox 240 430 452 503; x_wconf 86' lang='lat' dir='ltr'><strong>violarentur;</strong></span> <span class='ocrx_word' id='word_1_8' title='bbox 477 447 551 508; x_wconf 89' lang='lat' dir='ltr'><strong>ergo</strong></span> <span class='ocrx_word' id='word_1_9' title='bbox 574 429 631 490; x_wconf 90' lang='lat' dir='ltr'><strong>nisi</strong></span> <span class='ocrx_word' id='word_1_10' title='bbox 653 428 735 491; x_wconf 85' lang='lat' dir='ltr'><strong>servi</strong></span> <span class='ocrx_word' id='word_1_11' title='bbox 757 429 939 493; x_wconf 78' lang='lat' dir='ltr'><strong>manumissi</strong></span> <span class='ocrx_word' id='word_1_12' title='bbox 959 429 1077 508; x_wconf 89' lang='lat' dir='ltr'><strong>forent,</strong></span> 
     </span>
     <span class='ocr_line' id='line_1_3' title="bbox 151 524 1080 602; baseline -0.003 -13"><span class='ocrx_word' id='word_1_13' title='bbox 151 529 200 590; x_wconf 91' lang='lat' dir='ltr'><strong>vel</strong></span> <span class='ocrx_word' id='word_1_14' title='bbox 215 527 361 589; x_wconf 90' lang='lat' dir='ltr'><strong>dominus</strong></span> <span class='ocrx_word' id='word_1_15' title='bbox 380 524 506 586; x_wconf 90' lang='lat' dir='ltr'><strong>illorum</strong></span> <span class='ocrx_word' id='word_1_16' title='bbox 527 525 716 586; x_wconf 89' lang='lat' dir='ltr'><strong>ordinationi</strong></span> <span class='ocrx_word' id='word_1_17' title='bbox 738 525 955 602; x_wconf 64' lang='lat' dir='ltr'><strong>consensisset,</strong></span> <span class='ocrx_word' id='word_1_18' title='bbox 972 543 1080 587; x_wconf 89' lang='lat' dir='ltr'><strong>servos</strong></span> 
     </span>
     <span class='ocr_line' id='line_1_4' title="bbox 149 616 1080 694; baseline -0.002 -14"><span class='ocrx_word' id='word_1_19' title='bbox 149 637 213 682; x_wconf 92' lang='lat' dir='ltr'><strong>non</strong></span> <span class='ocrx_word' id='word_1_20' title='bbox 237 617 419 690; x_wconf 86' lang='lat' dir='ltr'><strong>ordinabat;</strong></span> <span class='ocrx_word' id='word_1_21' title='bbox 440 616 466 676; x_wconf 87' lang='lat' dir='ltr'><strong>si</strong></span> <span class='ocrx_word' id='word_1_22' title='bbox 485 617 648 678; x_wconf 86' lang='lat' dir='ltr'><strong>ordinatus</strong></span> <span class='ocrx_word' id='word_1_23' title='bbox 668 616 787 694; x_wconf 85' lang='lat' dir='ltr'><strong>fuisset,</strong></span> <span class='ocrx_word' id='word_1_24' title='bbox 803 617 844 677; x_wconf 90' lang='lat' dir='ltr'><strong>ab</strong></span> <span class='ocrx_word' id='word_1_25' title='bbox 864 617 1080 687; x_wconf 84' lang='lat' dir='ltr'><strong>ecclesiasticis</strong></span> 
     </span>
     <span class='ocr_line' id='line_1_5' title="bbox 150 712 1079 793; baseline -0.001 -15"><span class='ocrx_word' id='word_1_26' title='bbox 150 716 335 778; x_wconf 89' lang='lat' dir='ltr'><strong>muneribus</strong></span> <span class='ocrx_word' id='word_1_27' title='bbox 357 712 539 774; x_wconf 76' lang='lat' dir='ltr'><strong>exercendis</strong></span> <span class='ocrx_word' id='word_1_28' title='bbox 557 714 739 791; x_wconf 89' lang='lat' dir='ltr'><strong>repellebat.</strong></span> <span class='ocrx_word' id='word_1_29' title='bbox 756 717 805 775; x_wconf 88' lang='lat' dir='ltr'><strong>An</strong></span> <span class='ocrx_word' id='word_1_30' title='bbox 819 731 894 775; x_wconf 90' lang='lat' dir='ltr'><strong>vero</strong></span> <span class='ocrx_word' id='word_1_31' title='bbox 909 717 940 776; x_wconf 89' lang='lat' dir='ltr'><strong>et</strong></span> <span class='ocrx_word' id='word_1_32' title='bbox 954 716 1079 793; x_wconf 89' lang='lat' dir='ltr'><strong>quando</strong></span> 
     </span>
     <span class='ocr_line' id='line_1_6' title="bbox 149 809 1080 892; baseline -0.003 -18"><span class='ocrx_word' id='word_1_33' title='bbox 149 815 182 875; x_wconf 94' lang='lat' dir='ltr'><strong>in</strong></span> <span class='ocrx_word' id='word_1_34' title='bbox 194 811 362 892; x_wconf 75' lang='lat' dir='ltr'><strong>pristinam</strong></span> <span class='ocrx_word' id='word_1_35' title='bbox 384 809 566 872; x_wconf 87' lang='lat' dir='ltr'><strong>servitutem</strong></span> <span class='ocrx_word' id='word_1_36' title='bbox 579 809 786 888; x_wconf 81' lang='lat' dir='ltr'><strong>redigeretur,</strong></span> <span class='ocrx_word' id='word_1_37' title='bbox 804 815 835 870; x_wconf 94' lang='lat' dir='ltr'><strong>et</strong></span> <span class='ocrx_word' id='word_1_38' title='bbox 849 827 918 888; x_wconf 89' lang='lat' dir='ltr'><strong>quae</strong></span> <span class='ocrx_word' id='word_1_39' title='bbox 940 827 1080 871; x_wconf 90' lang='lat' dir='ltr'><strong>remane·</strong></span> 
     </span>
     <span class='ocr_line' id='line_1_7' title="bbox 150 904 1082 986; baseline -0.005 -16"><span class='ocrx_word' id='word_1_40' title='bbox 150 913 220 970; x_wconf 86' lang='lat' dir='ltr'><strong>rent</strong></span> <span class='ocrx_word' id='word_1_41' title='bbox 234 905 371 968; x_wconf 91' lang='lat' dir='ltr'><strong>dominis</strong></span> <span class='ocrx_word' id='word_1_42' title='bbox 383 905 456 986; x_wconf 83' lang='lat' dir='ltr'><strong>jura</strong></span> <span class='ocrx_word' id='word_1_43' title='bbox 468 905 502 965; x_wconf 93' lang='lat' dir='ltr'><strong>in</strong></span> <span class='ocrx_word' id='word_1_44' title='bbox 516 924 642 967; x_wconf 90' lang='lat' dir='ltr'><strong>servum</strong></span> <span class='ocrx_word' id='word_1_45' title='bbox 656 905 846 983; x_wconf 87' lang='lat' dir='ltr'><strong>ordinatum,</strong></span> <span class='ocrx_word' id='word_1_46' title='bbox 863 905 965 967; x_wconf 90' lang='lat' dir='ltr'><strong>altiori</strong></span> <span class='ocrx_word' id='word_1_47' title='bbox 988 904 1082 966; x_wconf 89' lang='lat' dir='ltr'><strong>disei-</strong></span> 
     </span>
     <span class='ocr_line' id='line_1_8' title="bbox 152 1003 399 1083; baseline -0.008 -19"><span class='ocrx_word' id='word_1_48' title='bbox 152 1003 244 1083; x_wconf 86' lang='lat' dir='ltr'><strong>plinae</strong></span> <span class='ocrx_word' id='word_1_49' title='bbox 260 1019 399 1063; x_wconf 82' lang='lat' dir='ltr'><strong>reservo.</strong></span> 
     </span>
    </p>

    <p class='ocr_par' dir='ltr' id='par_1_3' title="bbox 107 1093 1083 1656">
     <span class='ocr_line' id='line_1_9' title="bbox 189 1093 1082 1180; baseline -0.007 -20"><span class='ocrx_word' id='word_1_50' title='bbox 189 1097 275 1180; x_wconf 78' lang='lat' dir='ltr'><strong>Talis</strong></span> <span class='ocrx_word' id='word_1_51' title='bbox 289 1096 417 1157; x_wconf 88' lang='lat' dir='ltr'><strong>libertas</strong></span> <span class='ocrx_word' id='word_1_52' title='bbox 432 1096 612 1174; x_wconf 72' lang='lat' dir='ltr'><strong>errationis</strong></span> <span class='ocrx_word' id='word_1_53' title='bbox 633 1096 835 1160; x_wconf 89' lang='lat' dir='ltr'><strong>similitudine</strong></span> <span class='ocrx_word' id='word_1_54' title='bbox 856 1097 965 1157; x_wconf 89' lang='lat' dir='ltr'><strong>deerat</strong></span> <span class='ocrx_word' id='word_1_55' title='bbox 983 1093 1082 1154; x_wconf 83' lang='lat' dir='ltr'><strong>corio-</strong></span> 
     </span>
     <span class='ocr_line' id='line_1_10' title="bbox 154 1190 1081 1272; baseline -0.004 -18"><span class='ocrx_word' id='word_1_56' title='bbox 154 1193 236 1272; x_wconf 77' lang='lat' dir='ltr'><strong>ldms,</strong></span> <span class='ocrx_word' id='word_1_57' title='bbox 252 1191 400 1255; x_wconf 86' lang='lat' dir='ltr'><strong>videlicet</strong></span> <span class='ocrx_word' id='word_1_58' title='bbox 413 1191 451 1252; x_wconf 89' lang='lat' dir='ltr'><strong>iis</strong></span> <span class='ocrx_word' id='word_1_59' title='bbox 465 1190 609 1252; x_wconf 91' lang='lat' dir='ltr'><strong>omnibus</strong></span> <span class='ocrx_word' id='word_1_60' title='bbox 624 1192 678 1271; x_wconf 86' lang='lat' dir='ltr'><strong>qui</strong></span> <span class='ocrx_word' id='word_1_61' title='bbox 691 1192 874 1254; x_wconf 91' lang='lat' dir='ltr'><strong>muneribus</strong></span> <span class='ocrx_word' id='word_1_62' title='bbox 893 1190 1081 1271; x_wconf 88' lang='lat' dir='ltr'><strong>quibusdam</strong></span> 
     </span>
     <span class='ocr_line' id='line_1_11' title="bbox 146 1285 1082 1368; baseline -0.002 -22"><span class='ocrx_word' id='word_1_63' title='bbox 146 1287 361 1368; x_wconf 78' lang='lat' dir='ltr'><strong>,adimplendis</strong></span> <span class='ocrx_word' id='word_1_64' title='bbox 382 1285 514 1365; x_wconf 86' lang='lat' dir='ltr'><strong>publicis</strong></span> <span class='ocrx_word' id='word_1_65' title='bbox 535 1286 655 1348; x_wconf 90' lang='lat' dir='ltr'><strong>ratione</strong></span> <span class='ocrx_word' id='word_1_66' title='bbox 677 1290 776 1350; x_wconf 89' lang='lat' dir='ltr'><strong>status</strong></span> <span class='ocrx_word' id='word_1_67' title='bbox 797 1288 887 1347; x_wconf 85' lang='lat' dir='ltr'><strong>erant</strong></span> <span class='ocrx_word' id='word_1_68' title='bbox 901 1285 1036 1346; x_wconf 88' lang='lat' dir='ltr'><strong>devincti</strong></span> <span class='ocrx_word' id='word_1_69' title='bbox 1051 1287 1082 1344; x_wconf 86' lang='lat' dir='ltr'><strong>et</strong></span> 
     </span>
     <span class='ocr_line' id='line_1_12' title="bbox 154 1380 1083 1462; baseline -0.011 -14"><span class='ocrx_word' id='word_1_70' title='bbox 154 1384 291 1448; x_wconf 84' lang='lat' dir='ltr'><strong>obnoxii.</strong></span> <span class='ocrx_word' id='word_1_71' title='bbox 307 1383 398 1444; x_wconf 86' lang='lat' dir='ltr'><strong>Tales</strong></span> <span class='ocrx_word' id='word_1_72' title='bbox 418 1385 508 1444; x_wconf 88' lang='lat' dir='ltr'><strong>erant</strong></span> <span class='ocrx_word' id='word_1_73' title='bbox 529 1383 581 1462; x_wconf 92' lang='lat' dir='ltr'><strong>qui</strong></span> <span class='ocrx_word' id='word_1_74' title='bbox 602 1383 653 1444; x_wconf 86' lang='lat' dir='ltr'><strong>vel</strong></span> <span class='ocrx_word' id='word_1_75' title='bbox 666 1383 698 1442; x_wconf 94' lang='lat' dir='ltr'><strong>in</strong></span> <span class='ocrx_word' id='word_1_76' title='bbox 711 1401 790 1462; x_wconf 88' lang='lat' dir='ltr'><strong>pace</strong></span> <span class='ocrx_word' id='word_1_77' title='bbox 810 1380 858 1443; x_wconf 83' lang='lat' dir='ltr'><strong>vel</strong></span> <span class='ocrx_word' id='word_1_78' title='bbox 874 1383 906 1442; x_wconf 92' lang='lat' dir='ltr'><strong>in</strong></span> <span class='ocrx_word' id='word_1_79' title='bbox 920 1380 1002 1441; x_wconf 92' lang='lat' dir='ltr'><strong>bello</strong></span> <span class='ocrx_word' id='word_1_80' title='bbox 1017 1399 1083 1440; x_wconf 92' lang='lat' dir='ltr'><strong>ser-</strong></span> 
     </span>
     <span class='ocr_line' id='line_1_13' title="bbox 153 1473 1080 1559; baseline -0.01 -17"><span class='ocrx_word' id='word_1_81' title='bbox 153 1481 232 1543; x_wconf 84' lang='lat' dir='ltr'><strong>vitiis</strong></span> <span class='ocrx_word' id='word_1_82' title='bbox 247 1478 381 1559; x_wconf 87' lang='lat' dir='ltr'><strong>alicujus</strong></span> <span class='ocrx_word' id='word_1_83' title='bbox 396 1477 491 1539; x_wconf 85' lang='lat' dir='ltr'><strong>curiae</strong></span> <span class='ocrx_word' id='word_1_84' title='bbox 505 1479 555 1540; x_wconf 88' lang='lat' dir='ltr'><strong>vel</strong></span> <span class='ocrx_word' id='word_1_85' title='bbox 569 1479 715 1558; x_wconf 90' lang='lat' dir='ltr'><strong>gubernii</strong></span> <span class='ocrx_word' id='word_1_86' title='bbox 729 1482 834 1546; x_wconf 85' lang='lat' dir='ltr'><strong>essent</strong></span> <span class='ocrx_word' id='word_1_87' title='bbox 847 1475 1026 1554; x_wconf 88' lang='lat' dir='ltr'><strong>mancipati.</strong></span> <span class='ocrx_word' id='word_1_88' title='bbox 1043 1473 1080 1533; x_wconf 90' lang='lat' dir='ltr'><strong>Hi</strong></span> 
     </span>
     <span class='ocr_line' id='line_1_14' title="bbox 107 1572 991 1656; baseline -0.007 -18"><span class='ocrx_word' id='word_1_89' title='bbox 107 1589 110 1596; x_wconf 85' lang='lat'>&#39;</span> <span class='ocrx_word' id='word_1_90' title='bbox 154 1581 305 1656; x_wconf 86' lang='lat' dir='ltr'><strong>tanquam</strong></span> <span class='ocrx_word' id='word_1_91' title='bbox 320 1574 402 1635; x_wconf 87' lang='lat' dir='ltr'><strong>servi</strong></span> <span class='ocrx_word' id='word_1_92' title='bbox 414 1573 533 1654; x_wconf 83' lang='lat' dir='ltr'><strong>politici</strong></span> <span class='ocrx_word' id='word_1_93' title='bbox 546 1574 692 1654; x_wconf 88' lang='lat' dir='ltr'><strong>gubernii</strong></span> <span class='ocrx_word' id='word_1_94' title='bbox 706 1572 895 1635; x_wconf 85' lang='lat' dir='ltr'><strong>considerati</strong></span> <span class='ocrx_word' id='word_1_95' title='bbox 909 1575 991 1633; x_wconf 89' lang='lat' dir='ltr'><strong>sunt.</strong></span> 
     </span>
    </p>

    <p class='ocr_par' dir='ltr' id='par_1_4' title="bbox 154 1668 1086 2602">
     <span class='ocr_line' id='line_1_15' title="bbox 190 1668 1083 1748; baseline -0.009 -14"><span class='ocrx_word' id='word_1_96' title='bbox 190 1671 276 1741; x_wconf 80' lang='lat' dir='ltr'><strong>Talis</strong></span> <span class='ocrx_word' id='word_1_97' title='bbox 289 1668 416 1730; x_wconf 89' lang='lat' dir='ltr'><strong>libertas</strong></span> <span class='ocrx_word' id='word_1_98' title='bbox 429 1668 721 1736; x_wconf 85' lang='lat' dir='ltr'><strong>deessevidebatur</strong></span> <span class='ocrx_word' id='word_1_99' title='bbox 735 1673 766 1731; x_wconf 92' lang='lat' dir='ltr'><strong>et</strong></span> <span class='ocrx_word' id='word_1_100' title='bbox 779 1669 816 1729; x_wconf 88' lang='lat' dir='ltr'><strong>iis</strong></span> <span class='ocrx_word' id='word_1_101' title='bbox 832 1668 885 1748; x_wconf 89' lang='lat' dir='ltr'><strong>qui</strong></span> <span class='ocrx_word' id='word_1_102' title='bbox 900 1688 938 1729; x_wconf 84' lang='lat' dir='ltr'><strong>ex</strong></span> <span class='ocrx_word' id='word_1_103' title='bbox 952 1685 1083 1728; x_wconf 92' lang='lat' dir='ltr'><strong>munere</strong></span> 
     </span>
     <span class='ocr_line' id='line_1_16' title="bbox 155 1765 1084 1847; baseline -0.009 -18"><span class='ocrx_word' id='word_1_104' title='bbox 155 1768 279 1847; x_wconf 91' lang='lat' dir='ltr'><strong>publico</strong></span> <span class='ocrx_word' id='word_1_105' title='bbox 301 1765 404 1826; x_wconf 88' lang='lat' dir='ltr'><strong>aliena</strong></span> <span class='ocrx_word' id='word_1_106' title='bbox 425 1765 690 1844; x_wconf 82' lang='lat' dir='ltr'><strong>administrarent,</strong></span> <span class='ocrx_word' id='word_1_107' title='bbox 707 1769 801 1845; x_wconf 88' lang='lat' dir='ltr'><strong>prout</strong></span> <span class='ocrx_word' id='word_1_108' title='bbox 815 1770 905 1827; x_wconf 89' lang='lat' dir='ltr'><strong>erant</strong></span> <span class='ocrx_word' id='word_1_109' title='bbox 919 1766 1038 1825; x_wconf 80' lang='lat' dir='ltr'><strong>Aelores</strong></span> <span class='ocrx_word' id='word_1_110' title='bbox 1053 1765 1084 1822; x_wconf 89' lang='lat' dir='ltr'><strong>et</strong></span> 
     </span>
     <span class='ocr_line' id='line_1_17' title="bbox 155 1858 1082 1944; baseline -0.011 -16"><span class='ocrx_word' id='word_1_111' title='bbox 155 1867 318 1928; x_wconf 81' lang='lat' dir='ltr'><strong>Eccetores</strong></span> <span class='ocrx_word' id='word_1_112' title='bbox 332 1881 438 1924; x_wconf 90' lang='lat' dir='ltr'><strong>rerum</strong></span> <span class='ocrx_word' id='word_1_113' title='bbox 453 1868 484 1923; x_wconf 90' lang='lat' dir='ltr'><strong>et</strong></span> <span class='ocrx_word' id='word_1_114' title='bbox 493 1862 613 1941; x_wconf 87' lang='lat' dir='ltr'><strong>jurium</strong></span> <span class='ocrx_word' id='word_1_115' title='bbox 626 1863 838 1944; x_wconf 89' lang='lat' dir='ltr'><strong>publicorum,</strong></span> <span class='ocrx_word' id='word_1_116' title='bbox 854 1870 961 1922; x_wconf 83' lang='lat' dir='ltr'><strong>tutores</strong></span> <span class='ocrx_word' id='word_1_117' title='bbox 980 1858 1082 1939; x_wconf 90' lang='lat' dir='ltr'><strong>pupil-</strong></span> 
     </span>
     <span class='ocr_line' id='line_1_18' title="bbox 154 1959 1081 2038; baseline -0.011 -14"><span class='ocrx_word' id='word_1_118' title='bbox 154 1964 271 2038; x_wconf 90' lang='lat' dir='ltr'><strong>lorum,</strong></span> <span class='ocrx_word' id='word_1_119' title='bbox 294 1967 440 2019; x_wconf 82' lang='lat' dir='ltr'><strong>curatores</strong></span> <span class='ocrx_word' id='word_1_120' title='bbox 459 1959 617 2019; x_wconf 92' lang='lat' dir='ltr'><strong>minorum</strong></span> <span class='ocrx_word' id='word_1_121' title='bbox 638 1962 669 2021; x_wconf 90' lang='lat' dir='ltr'><strong>et</strong></span> <span class='ocrx_word' id='word_1_122' title='bbox 690 1959 838 2020; x_wconf 89' lang='lat' dir='ltr'><strong>similium</strong></span> <span class='ocrx_word' id='word_1_123' title='bbox 859 1973 1081 2036; x_wconf 88' lang='lat' dir='ltr'><strong>personarum,</strong></span> 
     </span>
     <span class='ocr_line' id='line_1_19' title="bbox 156 2051 1084 2136; baseline -0.008 -17"><span class='ocrx_word' id='word_1_124' title='bbox 156 2072 318 2136; x_wconf 87' lang='lat' dir='ltr'><strong>quousque</strong></span> <span class='ocrx_word' id='word_1_125' title='bbox 329 2053 606 2114; x_wconf 88' lang='lat' dir='ltr'><strong>administrationis</strong></span> <span class='ocrx_word' id='word_1_126' title='bbox 616 2073 730 2116; x_wconf 88' lang='lat' dir='ltr'><strong>munus</strong></span> <span class='ocrx_word' id='word_1_127' title='bbox 741 2054 940 2129; x_wconf 89' lang='lat' dir='ltr'><strong>sustinerent,</strong></span> <span class='ocrx_word' id='word_1_128' title='bbox 951 2055 983 2114; x_wconf 91' lang='lat' dir='ltr'><strong>et</strong></span> <span class='ocrx_word' id='word_1_129' title='bbox 991 2051 1084 2112; x_wconf 88' lang='lat' dir='ltr'><strong>ratio·</strong></span> 
     </span>
     <span class='ocr_line' id='line_1_20' title="bbox 155 2148 1085 2214; baseline -0.008 0"><span class='ocrx_word' id='word_1_130' title='bbox 155 2154 245 2214; x_wconf 88' lang='lat' dir='ltr'><strong>nibus</strong></span> <span class='ocrx_word' id='word_1_131' title='bbox 263 2149 433 2212; x_wconf 85' lang='lat' dir='ltr'><strong>reddendis</strong></span> <span class='ocrx_word' id='word_1_132' title='bbox 447 2152 552 2210; x_wconf 88' lang='lat' dir='ltr'><strong>essent</strong></span> <span class='ocrx_word' id='word_1_133' title='bbox 565 2151 702 2212; x_wconf 85' lang='lat' dir='ltr'><strong>obnoxii.</strong></span> <span class='ocrx_word' id='word_1_134' title='bbox 719 2151 776 2210; x_wconf 92' lang='lat' dir='ltr'><strong>Hic</strong></span> <span class='ocrx_word' id='word_1_135' title='bbox 792 2153 892 2211; x_wconf 86' lang='lat' dir='ltr'><strong>status</strong></span> <span class='ocrx_word' id='word_1_136' title='bbox 907 2153 938 2209; x_wconf 88' lang='lat' dir='ltr'><strong>et</strong></span> <span class='ocrx_word' id='word_1_137' title='bbox 951 2148 1085 2209; x_wconf 89' lang='lat' dir='ltr'><strong>liberum</strong></span> 
     </span>
     <span class='ocr_line' id='line_1_21' title="bbox 157 2243 1086 2309; baseline -0.009 0"><span class='ocrx_word' id='word_1_138' title='bbox 157 2246 338 2309; x_wconf 81' lang='lat' dir='ltr'><strong>exercitium</strong></span> <span class='ocrx_word' id='word_1_139' title='bbox 351 2245 546 2306; x_wconf 87' lang='lat' dir='ltr'><strong>functionum</strong></span> <span class='ocrx_word' id='word_1_140' title='bbox 556 2244 748 2306; x_wconf 87' lang='lat' dir='ltr'><strong>clericalium</strong></span> <span class='ocrx_word' id='word_1_141' title='bbox 759 2243 965 2304; x_wconf 90' lang='lat' dir='ltr'><strong>imminuebat</strong></span> <span class='ocrx_word' id='word_1_142' title='bbox 974 2261 1012 2302; x_wconf 86' lang='lat' dir='ltr'><strong>ex</strong></span> <span class='ocrx_word' id='word_1_143' title='bbox 1022 2259 1086 2302; x_wconf 89' lang='lat' dir='ltr'><strong>una</strong></span> 
     </span>
     <span class='ocr_line' id='line_1_22' title="bbox 157 2336 1086 2421; baseline -0.013 -16"><span class='ocrx_word' id='word_1_144' title='bbox 157 2347 260 2421; x_wconf 84' lang='lat' dir='ltr'><strong>parte,</strong></span> <span class='ocrx_word' id='word_1_145' title='bbox 277 2360 316 2402; x_wconf 88' lang='lat' dir='ltr'><strong>ex</strong></span> <span class='ocrx_word' id='word_1_146' title='bbox 336 2341 435 2402; x_wconf 88' lang='lat' dir='ltr'><strong>altera</strong></span> <span class='ocrx_word' id='word_1_147' title='bbox 454 2359 528 2402; x_wconf 90' lang='lat' dir='ltr'><strong>vero</strong></span> <span class='ocrx_word' id='word_1_148' title='bbox 554 2339 660 2401; x_wconf 91' lang='lat' dir='ltr'><strong>decori</strong></span> <span class='ocrx_word' id='word_1_149' title='bbox 683 2337 781 2418; x_wconf 86' lang='lat' dir='ltr'><strong>ipsius</strong></span> <span class='ocrx_word' id='word_1_150' title='bbox 806 2337 924 2398; x_wconf 88' lang='lat' dir='ltr'><strong>ordinis</strong></span> <span class='ocrx_word' id='word_1_151' title='bbox 948 2336 1086 2414; x_wconf 88' lang='lat' dir='ltr'><strong>aliquam</strong></span> 
     </span>
     <span class='ocr_line' id='line_1_23' title="bbox 156 2427 1084 2513; baseline -0.009 -17"><span class='ocrx_word' id='word_1_152' title='bbox 156 2437 285 2498; x_wconf 90' lang='lat' dir='ltr'><strong>innuere</strong></span> <span class='ocrx_word' id='word_1_153' title='bbox 300 2434 451 2513; x_wconf 87' lang='lat' dir='ltr'><strong>potuisset</strong></span> <span class='ocrx_word' id='word_1_154' title='bbox 465 2433 637 2510; x_wconf 88' lang='lat' dir='ltr'><strong>infamiam,</strong></span> <span class='ocrx_word' id='word_1_155' title='bbox 655 2433 681 2493; x_wconf 91' lang='lat' dir='ltr'><strong>si</strong></span> <span class='ocrx_word' id='word_1_156' title='bbox 694 2437 841 2512; x_wconf 86' lang='lat' dir='ltr'><strong>suspecta</strong></span> <span class='ocrx_word' id='word_1_157' title='bbox 858 2427 1084 2491; x_wconf 88' lang='lat' dir='ltr'><strong>administratio</strong></span> 
     </span>
     <span class='ocr_line' id='line_1_24' title="bbox 159 2531 1003 2602; baseline -0.002 -12"><span class='ocrx_word' id='word_1_158' title='bbox 159 2531 317 2593; x_wconf 82' lang='lat' dir='ltr'><strong>evasisset.</strong></span> <span class='ocrx_word' id='word_1_159' title='bbox 1002 2599 1003 2602; x_wconf 7' lang='grc' dir='ltr'><strong>Ἴ</strong></span> 
     </span>
    </p>

    <p class='ocr_par' dir='ltr' id='par_1_5' title="bbox 120 2619 1088 3464">
     <span class='ocr_line' id='line_1_25' title="bbox 194 2619 1086 2704; baseline -0.011 -17"><span class='ocrx_word' id='word_1_160' title='bbox 194 2627 358 2688; x_wconf 88' lang='lat' dir='ltr'><strong>Dabantur</strong></span> <span class='ocrx_word' id='word_1_161' title='bbox 370 2642 445 2686; x_wconf 91' lang='lat' dir='ltr'><strong>vero</strong></span> <span class='ocrx_word' id='word_1_162' title='bbox 460 2626 577 2704; x_wconf 90' lang='lat' dir='ltr'><strong>regulae</strong></span> <span class='ocrx_word' id='word_1_163' title='bbox 593 2623 792 2702; x_wconf 83' lang='lat' dir='ltr'><strong>exceptiones</strong></span> <span class='ocrx_word' id='word_1_164' title='bbox 806 2642 812 2683; x_wconf 94' lang='lat'><strong>:</strong></span> <span class='ocrx_word' id='word_1_165' title='bbox 826 2625 855 2682; x_wconf 88' lang='lat' dir='ltr'><strong>l⁰</strong></span> <span class='ocrx_word' id='word_1_166' title='bbox 865 2622 900 2682; x_wconf 94' lang='lat' dir='ltr'><strong>ln</strong></span> <span class='ocrx_word' id='word_1_167' title='bbox 915 2637 989 2681; x_wconf 90' lang='lat' dir='ltr'><strong>casu</strong></span> <span class='ocrx_word' id='word_1_168' title='bbox 1003 2619 1086 2679; x_wconf 88' lang='lat' dir='ltr'><strong>tute-</strong></span> 
     </span>
     <span class='ocr_line' id='line_1_26' title="bbox 157 2713 1087 2804; baseline -0.01 -21"><span class='ocrx_word' id='word_1_169' title='bbox 157 2724 192 2786; x_wconf 85' lang='lat' dir='ltr'><strong>1ae</strong></span> <span class='ocrx_word' id='word_1_170' title='bbox 205 2723 355 2804; x_wconf 80' lang='lat' dir='ltr'><strong>legitimae</strong></span> <span class='ocrx_word' id='word_1_171' title='bbox 371 2739 390 2782; x_wconf 90' lang='lat' dir='ltr'><strong>a</strong></span> <span class='ocrx_word' id='word_1_172' title='bbox 404 2739 467 2800; x_wconf 86' lang='lat' dir='ltr'><strong>qua</strong></span> <span class='ocrx_word' id='word_1_173' title='bbox 480 2739 538 2782; x_wconf 91' lang='lat' dir='ltr'><strong>neo</strong></span> <span class='ocrx_word' id='word_1_174' title='bbox 552 2719 611 2798; x_wconf 90' lang='lat' dir='ltr'><strong>ipsi</strong></span> <span class='ocrx_word' id='word_1_175' title='bbox 630 2719 734 2781; x_wconf 91' lang='lat' dir='ltr'><strong>clerici</strong></span> <span class='ocrx_word' id='word_1_176' title='bbox 757 2718 991 2789; x_wconf 74' lang='lat' dir='ltr'><strong>eximebantur-3</strong></span> <span class='ocrx_word' id='word_1_177' title='bbox 1007 2719 1039 2776; x_wconf 73' lang='lat'><strong>2⁰</strong></span> <span class='ocrx_word' id='word_1_178' title='bbox 1054 2713 1087 2775; x_wconf 90' lang='lat' dir='ltr'><strong>in</strong></span> 
     </span>
     <span class='ocr_line' id='line_1_27' title="bbox 120 2807 1087 2891; baseline -0.007 -14"><span class='ocrx_word' id='word_1_179' title='bbox 120 2844 123 2851; x_wconf 95' lang='lat'>·</span> <span class='ocrx_word' id='word_1_180' title='bbox 158 2833 230 2876; x_wconf 90' lang='lat' dir='ltr'><strong>casu</strong></span> <span class='ocrx_word' id='word_1_181' title='bbox 246 2812 523 2875; x_wconf 87' lang='lat' dir='ltr'><strong>administrationis</strong></span> <span class='ocrx_word' id='word_1_182' title='bbox 538 2813 580 2873; x_wconf 89' lang='lat' dir='ltr'><strong>ad</strong></span> <span class='ocrx_word' id='word_1_183' title='bbox 593 2812 661 2890; x_wconf 89' lang='lat' dir='ltr'><strong>pias</strong></span> <span class='ocrx_word' id='word_1_184' title='bbox 676 2829 797 2889; x_wconf 87' lang='lat' dir='ltr'><strong>causas,</strong></span> <span class='ocrx_word' id='word_1_185' title='bbox 811 2811 912 2891; x_wconf 86' lang='lat' dir='ltr'><strong>qualis</strong></span> <span class='ocrx_word' id='word_1_186' title='bbox 926 2813 974 2871; x_wconf 89' lang='lat' dir='ltr'><strong>est</strong></span> <span class='ocrx_word' id='word_1_187' title='bbox 988 2807 1087 2870; x_wconf 86' lang='lat' dir='ltr'><strong>admi-</strong></span> 
     </span>
     <span class='ocr_line' id='line_1_28' title="bbox 159 2906 1085 2980; baseline -0.009 -10"><span class='ocrx_word' id='word_1_188' title='bbox 159 2909 299 2974; x_wconf 90' lang='lat' dir='ltr'><strong>nistratio</strong></span> <span class='ocrx_word' id='word_1_189' title='bbox 327 2925 433 2969; x_wconf 88' lang='lat' dir='ltr'><strong>rerum</strong></span> <span class='ocrx_word' id='word_1_190' title='bbox 459 2907 606 2968; x_wconf 81' lang='lat' dir='ltr'><strong>Ecclesiae</strong></span> <span class='ocrx_word' id='word_1_191' title='bbox 631 2908 681 2969; x_wconf 87' lang='lat' dir='ltr'><strong>vel</strong></span> <span class='ocrx_word' id='word_1_192' title='bbox 709 2906 990 2979; x_wconf 87' lang='lat' dir='ltr'><strong>monasteriorum,</strong></span> <span class='ocrx_word' id='word_1_193' title='bbox 1016 2919 1085 2980; x_wconf 80' lang='lat' dir='ltr'><strong>qua</strong></span> 
     </span>
     <span class='ocr_line' id='line_1_29' title="bbox 160 2999 1086 3076; baseline -0.014 -9"><span class='ocrx_word' id='word_1_194' title='bbox 160 3005 278 3067; x_wconf 88' lang='lat' dir='ltr'><strong>clericis</strong></span> <span class='ocrx_word' id='word_1_195' title='bbox 306 3003 457 3065; x_wconf 89' lang='lat' dir='ltr'><strong>committi</strong></span> <span class='ocrx_word' id='word_1_196' title='bbox 485 3003 594 3076; x_wconf 83' lang='lat' dir='ltr'><strong>debet3</strong></span> <span class='ocrx_word' id='word_1_197' title='bbox 619 3006 651 3064; x_wconf 80' lang='grc' dir='ltr'><strong>3ο</strong></span> <span class='ocrx_word' id='word_1_198' title='bbox 674 3001 903 3064; x_wconf 87' lang='lat' dir='ltr'><strong>administratio</strong></span> <span class='ocrx_word' id='word_1_199' title='bbox 930 2999 1086 3058; x_wconf 91' lang='lat' dir='ltr'><strong>bonorum</strong></span> 
     </span>
     <span class='ocr_line' id='line_1_30' title="bbox 158 3093 1086 3178; baseline -0.01 -17"><span class='ocrx_word' id='word_1_200' title='bbox 158 3098 382 3161; x_wconf 87' lang='lat' dir='ltr'><strong>miserabilium</strong></span> <span class='ocrx_word' id='word_1_201' title='bbox 405 3115 610 3176; x_wconf 88' lang='lat' dir='ltr'><strong>personarum</strong></span> <span class='ocrx_word' id='word_1_202' title='bbox 633 3102 727 3178; x_wconf 90' lang='lat' dir='ltr'><strong>prout</strong></span> <span class='ocrx_word' id='word_1_203' title='bbox 747 3100 819 3158; x_wconf 88' lang='lat' dir='ltr'><strong>sunt</strong></span> <span class='ocrx_word' id='word_1_204' title='bbox 838 3093 994 3167; x_wconf 86' lang='lat' dir='ltr'><strong>viduae...,</strong></span> <span class='ocrx_word' id='word_1_205' title='bbox 1015 3109 1086 3170; x_wconf 86' lang='lat' dir='ltr'><strong>quae</strong></span> 
     </span>
     <span class='ocr_line' id='line_1_31' title="bbox 159 3185 1087 3266; baseline -0.012 -10"><span class='ocrx_word' id='word_1_206' title='bbox 159 3197 278 3258; x_wconf 87' lang='lat' dir='ltr'><strong>clericis</strong></span> <span class='ocrx_word' id='word_1_207' title='bbox 292 3195 427 3255; x_wconf 90' lang='lat' dir='ltr'><strong>maxime</strong></span> <span class='ocrx_word' id='word_1_208' title='bbox 443 3193 598 3255; x_wconf 90' lang='lat' dir='ltr'><strong>convenit.</strong></span> <span class='ocrx_word' id='word_1_209' title='bbox 610 3195 778 3254; x_wconf 79' lang='lat' dir='ltr'><strong>&#39;laetantur</strong></span> <span class='ocrx_word' id='word_1_210' title='bbox 792 3189 886 3252; x_wconf 91' lang='lat' dir='ltr'><strong>bodie</strong></span> <span class='ocrx_word' id='word_1_211' title='bbox 901 3185 1087 3266; x_wconf 85' lang='lat' dir='ltr'><strong>pragmatici</strong></span> 
     </span>
     <span class='ocr_line' id='line_1_32' title="bbox 159 3281 1088 3368; baseline -0.011 -19"><span class='ocrx_word' id='word_1_212' title='bbox 159 3290 238 3351; x_wconf 89' lang='lat' dir='ltr'><strong>hanc</strong></span> <span class='ocrx_word' id='word_1_213' title='bbox 259 3287 525 3368; x_wconf 86' lang='lat' dir='ltr'><strong>irregularitatem</strong></span> <span class='ocrx_word' id='word_1_214' title='bbox 539 3287 633 3348; x_wconf 90' lang='lat' dir='ltr'><strong>hodie</strong></span> <span class='ocrx_word' id='word_1_215' title='bbox 648 3287 784 3360; x_wconf 89' lang='lat' dir='ltr'><strong>obstare,</strong></span> <span class='ocrx_word' id='word_1_216' title='bbox 802 3286 834 3344; x_wconf 87' lang='lat' dir='ltr'><strong>l⁰</strong></span> <span class='ocrx_word' id='word_1_217' title='bbox 848 3281 873 3342; x_wconf 92' lang='lat' dir='ltr'><strong>si</strong></span> <span class='ocrx_word' id='word_1_218' title='bbox 888 3281 1022 3360; x_wconf 82' lang='lat' dir='ltr'><strong>publicis</strong></span> <span class='ocrx_word' id='word_1_219' title='bbox 1035 3298 1088 3340; x_wconf 85' lang='lat' dir='ltr'><strong>ra-</strong></span> 
     </span>
     <span class='ocr_line' id='line_1_33' title="bbox 159 3378 1087 3464; baseline -0.015 -16"><span class='ocrx_word' id='word_1_220' title='bbox 159 3385 294 3448; x_wconf 86' lang='lat' dir='ltr'><strong>tionibus</strong></span> <span class='ocrx_word' id='word_1_221' title='bbox 304 3385 374 3464; x_wconf 86' lang='lat' dir='ltr'><strong>quis</strong></span> <span class='ocrx_word' id='word_1_222' title='bbox 384 3382 585 3463; x_wconf 89' lang='lat' dir='ltr'><strong>astringatur,</strong></span> <span class='ocrx_word' id='word_1_223' title='bbox 598 3385 630 3442; x_wconf 74' lang='lat'><strong>2⁰</strong></span> <span class='ocrx_word' id='word_1_224' title='bbox 641 3379 761 3442; x_wconf 86' lang='lat' dir='ltr'><strong>etiamsi</strong></span> <span class='ocrx_word' id='word_1_225' title='bbox 777 3378 970 3457; x_wconf 88' lang='lat' dir='ltr'><strong>privatarum</strong></span> <span class='ocrx_word' id='word_1_226' title='bbox 981 3393 1087 3437; x_wconf 90' lang='lat' dir='ltr'><strong>rerum</strong></span> 
     </span>
    </p>
   </div>
   <div class='ocr_carea' id='block_1_3' title="bbox 0 0 1269 4024">
    <p class='ocr_par' dir='ltr' id='par_1_6' title="bbox 0 0 1269 4024">
     <span class='ocr_line' id='line_1_34' title="bbox 0 0 1269 4024; baseline 0 0"><span class='ocrx_word' id='word_1_227' title='bbox 0 0 1269 4024; x_wconf 95' lang='lat' dir='ltr'><strong> </strong></span> 
     </span>
    </p>
   </div>
  </div>
 </body>
</html>
