2530 4016
206 268 263 326 all
417 274 644 322 rusrrrnrronns
664 272 746 320 anais
769 271 923 318 cauomcr.

207 437 298 481 nemo
318 421 424 499 potest
444 417 488 479 illi
508 415 705 491 renuntiare,
727 414 801 476 licet
823 413 935 495 majori
954 415 1004 476 vel
1024 416 1139 478 minori
1251 415 1252 506 3

206 513 404 574 solemnitate
418 509 599 590 peragatur)
612 507 756 590 parochus
770 516 887 588 praest.
980 525 982 528 ’
1251 515 1252 526 ’

245 611 301 672 Est
316 608 398 670 enim
408 606 570 687 quoddam
580 604 866 683 cfficiumpaternaa
878 603 1096 668 sollicitudinis
1106 608 1139 667 in
1251 623 1252 690 l

109 743 111 747 ,
208 705 361 782 Ecclesia,
386 703 488 765 atille
513 701 566 782 qui
591 701 773 764 defunctum
796 701 1003 764 christianum
1029 703 1141 782 genuit

207 821 264 880 per
277 799 480 880 baptismum,
503 797 705 874 sacramentis
719 797 878 875 enutrivit,
894 798 977 860 illius
991 799 1141 877 spiritua-

208 899 270 958 lem
284 915 392 958 curam
405 896 503 975 gessit
516 895 592 957 dum
606 895 728 971 viverit,
745 892 867 973 adjuvit
879 896 1078 972 morientem,
1087 896 1139 956 ille

208 995 274 1073 ipsa
287 993 355 1054 haec
369 991 480 1053 ultima
493 991 597 1052 officia
608 992 763 1069 rependet
776 991 808 1052 in
822 997 996 1054 mortuum.

120 1098 123 1106 ’
247 1087 304 1150 llio
317 1088 423 1168 itaqua
443 1086 610 1148 cadavere
632 1086 727 1148 domo
742 1087 892 1150 eductum
914 1106 999 1168 aqua
1016 1087 1139 1150 lustrali
1251 1133 1252 1138 η

208 1183 341 1264 aspersit
369 1186 400 1245 et
422 1180 631 1262 psalmodiam
652 1181 791 1261 inchoat,
814 1187 847 1246 et
866 1183 932 1245 vias
953 1183 1063 1245 indicit
1083 1201 1142 1262 per

208 1297 286 1359 quos
301 1283 480 1358 asportetur
493 1278 640 1341 cadaver.
656 1281 704 1342 lta
717 1281 799 1342 inter
813 1297 921 1342 cereos
945 1295 1096 1340 accensos
1110 1285 1143 1355 et

207 1378 290 1438 inter
304 1380 430 1439 cantum
443 1376 637 1456 psalmorum
651 1375 915 1456 poenitentialium
931 1376 1073 1438 defertur
1088 1393 1143 1436 ca·
1251 1465 1252 1470 γ

209 1471 306 1534 davor
320 1471 361 1534 ad
374 1472 547 1533 Ecclesiam
561 1472 615 1533 uhi
629 1472 845 1552 sepeliendum
860 1472 910 1536 sit.

248 1568 322 1628 Haec
337 1585 428 1628 sacra
441 1568 630 1630 caeremonia
640 1567 749 1630 laetitia
763 1568 856 1630 simul
867 1567 1033 1630 ettristitia
1042 1569 1144 1629 mixta
1251 1615 1252 1662 ss

209 1665 256 1723 est
272 1681 279 1722 ε
296 1663 404 1725 laetitia
418 1663 458 1724 oh
479 1663 596 1744 dogma
618 1664 716 1727 felicis
736 1666 930 1742 aternitatis,
947 1683 1016 1744 quae
1032 1668 1145 1726 manet
1251 1715 1252 1750 ÷

209 1758 414 1834 christianam
438 1760 564 1822 tristitia
592 1760 632 1821 ob
645 1762 790 1824 alterum
812 1762 928 1844 dogma
951 1761 1143 1842 purgatorii,
1250 1781 1252 1806 ÷

209 1856 294 1935 quod
315 1857 433 1936 pariter
447 1855 604 1919 ordinario
625 1858 784 1938 loquendo
799 1864 907 1920 manet
926 1869 1036 1921 omnes
1050 1863 1145 1920 anta—

209 1968 305 2034 quam
315 1954 355 2014 ad
369 1952 492 2014 felicem
502 1954 710 2017 aeternitatem
718 1955 933 2018 admittantur.
947 1955 994 2016 Ob
1004 1955 1146 2034 primam

209 2051 364 2114 rationem
384 2051 525 2112 Ecclesia
536 2051 725 2133 jamdudum
740 2067 759 2112 a
774 2051 886 2130 primis
905 2051 1028 2114 saeculis
1045 2051 1147 2114 inter·

209 2147 287 2210 dixit
308 2149 459 2228 ploratus,
475 2149 588 2226 luctus,
605 2145 736 2210 funerea
759 2149 901 2211 carmina
924 2148 1064 2228 aliasque
1079 2166 1147 2210 cae-

209 2245 365 2307 remonias
383 2262 535 2326 paganas,
551 2244 597 2305 eis
616 2244 776 2308 substituit
790 2249 917 2306 cantum
931 2244 1143 2323 psalmorum,

210 2357 330 2401 coareos
345 2358 504 2418 accensos,
530 2344 590 2402 etc.
614 2340 817 2403 Monumenta
837 2341 945 2403 videas
961 2339 1046 2419 apud
1060 2341 1143 2400 Pon—

209 2436 285 2496 tium
299 2435 454 2518 (antiquit.
469 2436 559 2518 juris.
577 2435 672 2514 cam).

250 2533 296 2591 Ex
310 2532 371 2594 alio
387 2534 505 2612 capite,
522 2534 549 2594 si
572 2533 735 2594 demamus
751 2549 858 2594 casum
882 2547 1069 2610 puerorum,
1087 2531 1144 2608 qui

210 2627 379 2702 antequam
400 2627 531 2703 perdere
547 2627 668 2706 possint
684 2629 800 2688 statum
821 2623 1030 2705 baptismatis,
1047 2623 1145 2684 deoa-

211 2717 299 2795 dunt,
316 2737 450 2798 quorum
464 2738 632 2800 corporum
646 2722 779 2802 gestatio
794 2722 920 2783 omnino
934 2720 1076 2782 laetitiam
1091 2737 1144 2781 sa-

210 2815 266 2894 pit,
292 2816 429 2896 quodam
452 2818 539 2886 luctu
559 2819 721 2895 replentur
740 2817 916 2881 functiones
935 2815 1095 2876 funerales
1108 2817 1142 2875 in

211 2911 351 2974 Ecclesia
366 2931 373 2972 :
390 2911 537 2992 leguntur
550 2912 674 2991 psalmi,
692 2913 747 2974 sed
762 2910 1004 2993 poenitentiales,
1020 2910 1075 2990 qui
1090 2928 1142 2971 ve-

212 3008 297 3069 niam
314 3008 504 3087 implorent:
527 3008 649 3070 canitur
672 3008 728 3070 sed
748 3008 844 3086 flabili
866 3013 980 3082 cantu3
1005 3005 1142 3066 ministri

212 3105 293 3188 sacri
307 3110 458 3168 ornantur
472 3107 569 3186 nigris
584 3105 761 3167 amictibus.
1251 3097 1252 3104 '

251 3203 396 3264 Delatum
416 3206 551 3267 nadaver
565 3205 605 3268 ad
620 3204 793 3266 Ecclesiam
812 3203 870 3264 sub
889 3202 978 3262 illius·
995 3200 1141 3278 ingressu

212 3298 325 3360 iterum
339 3300 460 3361 lustrali
472 3319 554 3380 aqua
564 3301 757 3382 aspergitur:
770 3299 843 3360 inde
858 3316 915 3377 per
924 3299 1050 3357 noctem
1058 3295 1143 3354 circa

211 3389 299 3451 illum
319 3394 462 3457 solebant
474 3397 599 3457 recitari
612 3396 725 3475 psalmi
741 3399 772 3457 et
790 3393 911 3473 hymni,
928 3393 1028 3454 donec
1048 3408 1142 3451 mane

212 3501 269 3560 pro
277 3493 400 3550 mortuo
409 3490 596 3552 sacrificium
606 3493 785 3568 offerretur,
797 3491 879 3551 intra
887 3487 976 3566 cujus
984 3488 1143 3548 actionem
