2530 4016
172 351 230 411 338
378 359 608 406 rrsrlrurronns
629 361 712 406 runis
735 359 891 406 canonlcr.

172 507 286 580 rentes,
303 503 459 583 siquidem
474 503 589 564 mobile
602 502 754 564 immobili
770 503 932 566 cohaerens
939 505 1100 570 immobile

171 597 316 662 censetur
332 619 339 661 :
356 601 402 662 uti
416 599 545 660 arbores
559 598 591 658 in
605 597 714 676 fundo,
737 617 807 678 quae
828 600 961 678 proinde
983 603 1102 665 succidi

172 713 234 756 non
249 699 391 774 possunt,
404 692 574 755 dnmmodo
589 693 620 753 in
636 710 750 754 earum·
762 693 935 755 succisione
950 712 1014 756 non
1031 715 1103 757 oon-

171 791 260 853 sistat
279 789 397 850 fructus
419 787 540 866 praedii,
558 791 590 848 et
611 805 649 847 ea
670 791 804 866 sequuta
825 786 964 848 deterior
985 787 1102 850 fundus

173 903 235 948 non
249 887 314 962 oet,
331 884 375 946 nti
390 883 513 947 accedit
526 883 559 942 in
572 882 669 961 sylvis
683 881 875 960 nemoribus,
893 883 1100 962 arundinetis,

72 1031 75 1039 .
171 983 225 1044 ubi
240 981 404 1044 arboribus
417 979 528 1040 excisis
543 996 632 1040 novae
647 983 859 1055 succrescunt,
877 979 926 1040 vel
943 980 1104 1042 ordinaria

172 1079 294 1141 cultura
308 1076 547 1138 substituuntur.

211 1177 330 1236 'lamen
343 1171 495 1252 praediola
509 1187 578 1251 quea
593 1175 632 1232 25
648 1171 835 1232 ducatorum
856 1172 905 1233 vel
926 1175 965 1234 40
979 1174 1103 1235 circiter

171 1273 365 1331 scutatorum
387 1283 590 1328 romanorum
617 1265 757 1326 valorem
784 1283 847 1326 non
876 1267 1046 1344 excedunt,
1072 1285 1099 1328 c.

172 1363 296 1424 terrolas
315 1367 365 1440 53,
386 1381 471 1424 caus.
494 1365 543 1438 12,
562 1365 592 1437 9,
612 1365 642 1438 2,
666 1364 796 1440 possunt
814 1361 945 1422 alienari
965 1363 1033 1422 sola
1052 1380 1104 1423 or-

172 1455 284 1523 dinarii
300 1459 485 1522 auctoritate
500 1460 568 1520 sine
580 1457 758 1520 interventu
773 1459 856 1520 sedis
875 1458 1066 1538 apostolicae.

212 1557 342 1629 Quando
366 1558 488 1636 agimus
507 1556 546 1616 de
566 1554 753 1617 alienatione
775 1555 932 1616 honorum
954 1556 1100 1616 lloclesiae

170 1653 401 1730 temporalium,
419 1651 615 1714 alienationis
630 1667 745 1710 nomen
759 1651 952 1729 amplissimo
966 1666 1060 1712 sensu
1071 1657 1101 1712 el

169 1748 321 1810 latissima
334 1746 560 1824 significatione
577 1742 746 1824 usurpatur
759 1748 845 1808 itaut
855 1747 1101 1825 comprehendat

171 1861 234 1905 non
248 1843 349 1903 solum
364 1859 472 1902 omnes
487 1847 665 1903 contractus
680 1860 737 1921 par
757 1860 836 1922 quos
851 1843 1023 1904 dominium
1037 1844 1100 1924 ple-

171 1958 257 2015 num,
275 1939 428 2000 directum
442 1938 492 1999 vel
506 1937 581 2000 utile
595 1938 792 2016 transfertur,
810 1940 918 2020 quales
937 1945 1010 2000 sunt
1027 1959 1100 2002 ven-

171 2033 258 2110 ditio,
275 2031 475 2113 permutatio,
493 2032 717 2110 emphyteusis,
734 2031 917 2110 infeudatio,
935 2033 1101 2095 sedetiam

171 2129 257 2191 modi
271 2129 384 2210 quibus
397 2127 586 2190 transfertur
597 2129 724 2207 aliquod
735 2128 788 2208 jus
803 2129 899 2206 reale,
916 2131 1022 2208 prouti
1029 2134 1101 2192 sunt

171 2223 349 2288 constitutio
364 2225 532 2302 servitutis,
548 2225 687 2305 pignoris
702 2225 752 2286 vel
774 2225 980 2304 hypothecae;
1004 2226 1099 2288 immo

170 2324 240 2402 ipsa
258 2306 396 2383 venditio
424 2319 583 2381 fructuum
610 2319 650 2380 ad
668 2320 799 2401 longum
821 2325 957 2398 tempus,
986 2321 1037 2384 vel
1060 2321 1100 2382 ad

170 2417 267 2480 vitam
282 2432 353 2476 eum
367 2413 521 2475 solutione
535 2412 715 2490 anticipata,
738 2413 788 2475 vel
807 2412 965 2475 bonorum
985 2413 1099 2476 locatio

171 2513 212 2574 ad
234 2512 365 2590 longum
378 2516 501 2590 tempus
515 2515 645 2589 peracta
659 2511 690 2570 et
705 2509 853 2590 quaelibet
867 2509 1022 2572 condictio
1044 2528 1101 2588 per

172 2625 266 2688 qnam
280 2625 332 2668 res
345 2607 492 2668 Ecclesiae
507 2605 644 2668 deterior
658 2605 803 2667 efficitur.

210 2707 256 2763 Ex
270 2702 318 2761 his
333 2703 477 2764 omnibus
492 2691 689 2764 alienationis
703 2703 816 2780 modis,
832 2703 864 2762 in
884 2705 989 2782 specie
1007 2722 1100 2784 agam

171 2798 210 2859 de
225 2795 381 2874 emptione
406 2801 437 2856 et
455 2796 635 2858 venditione
654 2796 781 2876 proprie
796 2797 890 2874 dicta,
907 2797 947 2857 de
969 2799 1099 2877 emphy-

170 2893 249 2957 teusi
265 2900 296 2956 et
308 2890 532 2968 intendationa,
550 2891 589 2953 de
603 2892 759 2955 locatione
774 2897 805 2956 et
820 2893 1037 2956 conductione.

209 2993 261 3055 IV.
287 2989 411 3071 Emptio
438 2988 585 3067 vendica·
613 2993 792 3052 contractus
820 2988 1033 3052 consensualis
1061 2990 1102 3051 de

170 3101 204 3144 re
224 3102 281 3162 pro
297 3086 382 3144 certo
397 3083 498 3162 pretio
512 3081 679 3143 tradenda.
1005 3099 1010 3107 ·

210 3179 280 3245 Alia
294 3177 475 3254 oeconomico,
492 3177 554 3240 alia
567 3177 777 3258 nepolictorio;
791 3178 860 3239 haec
873 3176 1040 3241 interdicta
1055 3181 1102 3239 est
1150 3174 1153 3179 ’

170 3274 289 3336 clericis
306 3278 337 3336 et
349 3274 512 3348 Ecclesiam

208 3368 265 3427 illa
288 3372 391 3445 potest
414 3387 481 3430 esse
505 3387 586 3447 pura
610 3373 641 3432 et
664 3369 812 3452 simplex,
838 3372 888 3433 vel
912 3390 983 3434 cum
1007 3380 1100 3452 pacto

170 3462 304 3541 adjecto,
322 3481 394 3525 cum
408 3465 584 3528 conditione
599 3467 872 3530 retrovenditionis
887 3487 942 3530 seu
957 3468 1102 3546 redemp-

169 3558 271 3618 tionis.
