2548 4020
169 295 227 352 232
375 302 604 349 rusmrurrouus
624 302 707 348 runis
731 300 886 348 canorum.

169 473 196 515 c.
213 453 331 532 penult.
349 452 388 512 de
403 450 509 512 Adult.
523 448 633 529 juncta
646 448 741 528 gloss.
761 448 795 509 in
814 449 939 526 notatis,
961 452 993 512 et
1012 467 1040 510 c.
1062 467 1104 512 ex

166 547 279 610 litteris
293 550 323 623 5,
340 545 372 606 h.
389 548 412 607 t.

206 645 265 717 An,
283 644 314 702 et
326 640 359 701 in
374 639 487 719 quibus
500 635 611 698 casibus
626 653 689 698 non
708 617 803 699 liceat
821 635 992 701 divortium
1009 637 1103 700 iusti-

167 747 256 804 tuere
270 744 399 820 propter
413 737 557 817 conjugis
572 733 781 797 adulterium?

207 839 252 898 Ex
279 835 394 914 triplici
418 835 616 915 potissimum
640 832 742 911 capite
766 849 830 894 uon
853 835 956 914 potest
977 833 1101 896 institui

168 935 337 999 divortium
364 934 405 996 ob
433 931 576 1013 conjugis
605 930 805 993 adulterium.
835 930 940 992 Primo
968 931 1098 1010 scilicet,

168 1033 242 1114 quia
263 1035 393 1112 uterque
415 1029 530 1109 conjux
553 1027 696 1108 ejusdem
719 1027 856 1088 criminis
880 1045 953 1087 reus
976 1030 1033 1105 est,
1059 1028 1102 1089 ob

167 1135 309 1192 mutuam
323 1127 509 1189 delictorum
524 1123 829 1203 compensationem,
848 1127 882 1186 ut
894 1124 1025 1186 dictum.
1043 1125 1102 1186 Se-

168 1223 282 1300 cundo,
299 1224 326 1282 si
340 1222 433 1301 culpa
454 1225 545 1283 vacet
566 1219 766 1296 adulterium,
792 1219 867 1299 quia
886 1218 929 1282 ibi
948 1219 1035 1282 nulla
1054 1224 1102 1282 est

168 1320 332 1400 culpabilis
346 1320 419 1381 fidei
439 1318 578 1395 violatio,
602 1317 759 1396 separatio
778 1316 884 1377 locum
906 1335 969 1378 uon
990 1316 1097 1379 habet.

167 1418 271 1481 Tertio
287 1417 434 1496 denique,
451 1415 478 1475 si
492 1413 606 1495 conjux
626 1413 777 1474 innocens
798 1411 946 1493 injuriam
965 1411 1026 1474 sibi
1043 1431 1101 1490 per

167 1513 357 1577 adulterium
372 1512 491 1575 illatam
507 1527 665 1588 expresse,
689 1509 738 1568 vel
757 1507 851 1570 tacite
871 1507 918 1588 (ut
937 1508 964 1568 si
984 1508 1101 1588 conjux

166 1607 317 1669 innocens
341 1607 483 1668 conscius
508 1605 653 1668 adulterii
675 1603 814 1679 alterius,
837 1607 959 1682 sponte,
983 1608 1015 1666 et
1035 1621 1101 1664 om-

167 1705 240 1765 nino
254 1704 352 1764 libere
368 1702 513 1781 copulam
529 1702 688 1763 carnalem
707 1719 780 1762 cum
798 1700 941 1762 adultero
964 1700 1100 1780 conjuge

167 1801 293 1876 habeat,
310 1802 365 1860 aut
378 1799 456 1859 aiios
471 1803 559 1860 actus
569 1797 756 1878 conjugibus
767 1815 931 1860 concessos
941 1795 1100 1876 admittat)

167 1897 298 1975 remisit,
315 1898 347 1958 et
361 1895 450 1976 quasi
464 1893 665 1956 condonavit.

206 1996 265 2070 An,
293 1995 324 2054 et
348 2010 411 2070 qua
433 1991 554 2053 ratione
578 1991 728 2071 conjuges
752 1993 880 2070 propter
907 1989 1099 2052 adulterium

166 2088 313 2168 separati,
329 2086 355 2148 si
370 2090 479 2166 postea
493 2087 686 2149 reconciliati
704 2105 785 2147 unus
799 2087 850 2149 vel
863 2090 995 2166 uterque
1014 2087 1100 2148 rela-

123 2195 124 2198 ’
164 2185 257 2246 batur
266 2184 299 2244 in
309 2183 512 2260 adulterium,
525 2183 645 2262 possint
654 2182 747 2244 denuc
759 2181 918 2244 divortium
929 2180 1098 2242 instituere?

205 2283 300 2343 Posse
314 2280 430 2342 iterum
445 2280 485 2341 ab
500 2279 677 2357 innocente,
694 2279 720 2339 si
730 2283 801 2358 post
809 2277 1098 2345 reconciliationem

164 2379 244 2440 alter
257 2396 377 2453 eorum,
395 2377 427 2437 in
442 2375 633 2438 adulterium
650 2375 823 2452 relabatur,
845 2373 1015 2436 divortium
1033 2375 1096 2438 ins-

163 2470 242 2544 titui,
269 2469 359 2547 ratio,
387 2473 419 2532 et
439 2469 610 2531 auctoritas
631 2487 727 2548 supra
748 2469 849 2531 relata
870 2465 993 2548 probat,
1021 2469 1097 2550 quia

162 2564 343 2643 praecedens
356 2566 460 2642 venia,
477 2568 509 2626 et
522 2565 735 2628 reconciliatio
746 2565 786 2626 ad
795 2564 957 2645 praterita
967 2565 1096 2644 quidem

163 2659 287 2735 delicta,
304 2677 366 2721 non
377 2665 484 2722 autem
499 2661 539 2722 ad
553 2661 659 2723 futura
673 2679 706 2722 se
717 2660 867 2723 extendit.
881 2661 978 2724 Sicuti
987 2664 1095 2723 tamen

161 2754 379 2832 communiter,
397 2762 428 2816 et
441 2773 498 2833 per
512 2775 545 2816 se
561 2774 624 2817 non
638 2760 763 2819 tenetur
781 2758 816 2817 in
834 2757 1028 2819 conscientia
1046 2776 1095 2819 se·

162 2868 274 2931 parare
289 2868 322 2910 se
344 2851 384 2912 ab
406 2850 549 2912 adultero
570 2851 731 2930 innocens,
754 2870 825 2914 cum
846 2853 1003 2931 separatio
1023 2853 1094 2916 talis

161 2947 314 3027 permissa
328 2946 455 3028 quidem
469 2946 509 3008 sit
524 2965 543 3008 a
556 2946 691 3025 Christo,
713 2967 776 3010 non
795 2953 901 3010 tamen
919 2953 1090 3030 praecepta,

161 3048 192 3108 et
214 3044 313 3123 possit
339 3045 489 3106 innocens
518 3061 717 3125 quocumque
744 3048 886 3125 tempore
914 3045 1094 3108 adulterum

160 3160 190 3201 v.
208 3159 239 3220 g.
255 3139 419 3202 dimissum
433 3146 588 3217 repetere,
605 3138 699 3202 modo
717 3147 828 3203 neuter
841 3140 1014 3222 conjugum
1029 3146 1093 3205 sta-

159 3238 227 3296 tum
241 3235 425 3310 mutaverit;
443 3235 497 3314 ita,
515 3237 540 3297 si
554 3236 705 3297 innocens
720 3237 806 3315 prius
819 3241 891 3318 post
904 3238 1093 3300 sententiam

160 3328 285 3389 divortii
314 3331 421 3406 latam,
451 3330 630 3392 adulterum
654 3333 838 3412 committat,
869 3352 907 3396 ex
935 3333 1091 3414 probabili

159 3423 315 3483 sententia
338 3443 401 3486 non
424 3428 550 3487 tenetur
573 3425 676 3488 redire
703 3429 745 3490 ad
772 3428 952 3510 conjugem,
981 3447 1001 3490 a
1028 3447 1090 3509 quo

160 3517 289 3592 propter
313 3517 406 3596 hujus
430 3515 630 3598 adulterium,
657 3542 714 3602 per
736 3525 923 3588 sententiam
943 3531 1092 3604 separata
