2476 4022
163 253 203 314 60
372 267 599 314 ΙΝΒΤῙΤΠΤῙΟΝΕΒ
619 268 701 314 tusis
723 267 877 315 canumet

163 409 326 472 ecclesiam
340 411 564 492 parochialem,
578 413 612 474 ut
625 411 669 472 ibi
683 411 829 474 adessent
843 411 997 474 sacrificio
1008 415 1092 492 quod

163 526 182 568 a
203 505 341 584 parocho
365 507 594 585 celebrabatur,
626 510 658 568 et
684 507 729 568 sic
757 511 915 586 praecepto
944 507 1093 570 audiendi

162 601 289 663 Missam
304 602 529 665 satisfacerent.
546 605 587 664 ht
600 603 640 664 ob
658 601 823 681 privilegia
841 599 986 661 Patribus
1004 618 1093 661 men-

163 695 339 758 dicantibus
353 715 512 776 concesse,
529 699 681 778 paulatim
695 695 829 759 obtinuit
847 699 882 758 ut
899 694 1008 756 fideles
1022 695 1092 756 ubi·

161 807 286 872 cunque
310 791 436 854 Missam
458 795 603 856 audirent
629 794 662 854 in
690 790 786 869 festis,
812 792 872 852 hoc
900 793 1094 871 praeceptnm

163 886 372 966 adimpleturi.
389 889 475 951 Trid.
488 908 563 951 sess.
577 893 625 951 bt.
639 889 678 950 de
694 886 898 949 observandis
911 889 943 946 et
955 884 1092 946 vitandis

162 984 194 1043 in
216 983 424 1045 celebratione
444 985 570 1048 Missae:
597 1007 612 1042 ιι
629 985 778 1047 Moneant
797 981 976 1063 (Qrdiuarii)
997 983 1093 1042 etiam

163 1079 307 1139 eumdem
329 1081 478 1160 populum
501 1085 535 1141 ut
555 1079 736 1160 frequenter
756 1078 797 1139 ad
818 1097 891 1140 suas
912 1079 1089 1157 parochias,

29 1225 32 1230 .
162 1173 272 1237 saltem
290 1174 454 1237 dominicis
473 1171 707 1256 majoribusque
726 1174 822 1252 festis,
838 1175 1010 1248 accedant;
1026 1197 1041 1233 o
1061 1182 1093 1238 et

162 1289 189 1332 o.
206 1283 253 1330 111.
270 1289 347 1333 sess.
363 1275 402 1333 et
419 1291 426 1334 :
449 1280 463 1330 ιι
476 1274 663 1352 Moneatque
676 1271 841 1352 episcopus
855 1270 1007 1350 populum
1021 1271 1092 1334 dili-

160 1369 281 1446 genter,
298 1369 397 1428 teneri
413 1385 668 1450 unumquemque
678 1368 835 1446 parochiae
847 1385 912 1428 suae
926 1366 1089 1445 interesse,

160 1463 213 1524 ubi
232 1465 396 1526 commode
417 1465 449 1526 id
469 1466 536 1526 lieri
556 1468 668 1543 potest,
686 1465 726 1525 ad
745 1463 937 1525 audiendum
957 1463 1091 1524 verbum

160 1558 226 1621 Dei.
243 1581 257 1618 n
277 1561 416 1623 Verbum
431 1567 537 1622 autem
554 1561 695 1623 divinum
714 1559 781 1623 vult
799 1559 951 1621 declarari
972 1560 1090 1639 populo

159 1649 278 1731 abipso
289 1653 427 1730 parocho
439 1652 516 1714 inter
530 1647 684 1713 missorum
694 1652 920 1729 celebrationem,
933 1656 967 1712 ut
980 1651 1089 1713 videre

159 1751 207 1809 est
227 1765 254 1809 c.
272 1764 340 1825 v111,
357 1767 434 1812 sess.
454 1752 505 1828 22,
527 1754 558 1811 et
577 1768 604 1811 c.
622 1765 678 1826 ιιι,
699 1766 775 1810 sees.
796 1750 835 1810 24
854 1747 894 1810 de
915 1748 1085 1811 Reformat.

159 1845 233 1904 llaec
247 1849 352 1907 autem
371 1862 434 1906 non
454 1849 526 1908 sunt
544 1845 708 1924 disciplina
723 1849 851 1924 recepta
867 1849 1019 1924 unquam
1034 1863 1089 1908 ne-

159 1939 310 2002 cessitatis
331 1941 493 2022 absolutae,
514 1941 570 2004 sed
589 1940 753 2004 suasionis.
777 1940 856 2005 Vide
877 1941 994 2002 Bened.
1018 1942 1088 2006 xlv

158 2035 196 2098 de
211 2055 281 2116 syn.
298 2037 390 2100 dioec.
406 2039 461 2102 lib.
478 2041 532 2117 Xl,
547 2056 575 2102 c.
591 2054 656 2116 xiv,
672 2042 690 2100 7
705 2055 758 2119 qq.

434 2201 467 2247 De
477 2201 611 2248 eucharistia
620 2205 645 2246 ut
655 2205 798 2246 sacramento.

196 2317 248 2383 Xl.
280 2322 361 2385 Satis
384 2320 644 2385 deiiucharistia
666 2322 699 2384 in
724 2325 876 2402 quantum
899 2318 1087 2383 sacrificium

156 2419 213 2495 est,
239 2435 295 2480 seu
318 2414 422 2498 quoad
451 2425 557 2482 actum
582 2437 707 2481 sacrum
736 2436 797 2499 qno
821 2416 1004 2492 coniicitur3
1030 2417 1086 2478 sed
1169 2405 1173 2414 ⁸

156 2529 251 2594 quum
267 2515 574 2579 transsubstantiatio
589 2535 652 2578 non
666 2517 707 2577 sit
718 2517 950 2590 momentanea,
966 2512 1024 2574 sed
1037 2529 1085 2574 cr-

156 2608 282 2672 dinetur
308 2611 348 2673 ad
372 2617 609 2692 permanentem
637 2613 852 2689 existentiam,
882 2611 955 2672 inde
983 2612 1086 2698 potest

155 2705 259 2782 quoad
287 2724 321 2768 se
349 2709 541 2771 considerari
568 2709 601 2768 in
629 2710 792 2790 disciplina
820 2708 966 2771 Ecclesia
990 2708 1085 2770 etiam

153 2805 284 2866 seorsim
303 2806 343 2895 ab
364 2811 435 2870 actu
457 2825 519 2888 quo
541 2809 715 2872 conficitur.
733 2809 798 2872 Sub
819 2808 880 2868 hoo
900 2810 1085 2885 respectus

154 2900 319 2982 disciplina
340 2905 551 2967 ecclesiastica
572 2906 875 2968 consideraturnon
894 2902 997 2964 solum
1017 2907 1084 2964 tan·

154 3015 249 3078 quam
276 3001 363 3066 cibus
392 3002 519 3083 quidam
543 3003 712 3084 spiritualis
735 3001 898 3064 bominum
921 2997 1083 3061 refectioni

153 3095 337 3252 aestinatae,
353 3100 409 3162 sed
424 3100 519 3162 etiam
533 3103 683 3181 tanquam
698 3101 856 3184 objectum
870 3100 972 3201 cultus
986 3097 1084 3160 cbris-

177 3210 318 3259 anorum.
976 3219 979 3224 ·

192 3290 267 3352 ludo
284 3311 291 3354 2

194 3390 225 3448 l⁰
238 3389 256 3449 l
259 3406 310 3449 am
323 3392 390 3450 tum
402 3393 445 3454 ab
459 3394 644 3475 antiquitate
658 3395 690 3457 in
704 3415 778 3460 vase
793 3399 834 3460 ad
848 3399 949 3463 instar
966 3402 1082 3464 colum·

31 3499 38 3510 ·
152 3475 201 3544 ha
224 3483 274 3545 vel
294 3484 389 3546 turris
412 3485 585 3567 elaborato,
610 3493 642 3552 et
664 3507 760 3571 penes
783 3494 881 3556 altare
904 3501 960 3558 aut
986 3513 1083 3576 supra
