2476 4022
377 304 417 349 oa
439 303 565 350 osrncro
585 305 667 352 sums
689 303 844 352 1111111111.
1040 293 1079 354 29

142 454 180 508 ut
209 449 269 526 ipsi
292 465 384 508 suam
404 447 601 509 advocatiam
627 449 813 528 promptiori
835 450 940 512 animo
958 450 1078 515 tribue-

142 544 227 602 rent.

187 639 230 697 De
246 643 375 716 tempore
388 654 463 697 vero
479 654 540 716 quo
560 635 718 714 baptisma
736 637 961 700 eonferendum
981 645 1074 719 esset,

144 731 219 792 lieet
231 731 374 792 Ecclesia
388 749 459 792 cum
474 732 561 813 justa
579 732 612 792 id
634 750 729 794 causa
749 733 931 812 postularet,
956 737 1075 799 nullum

144 829 270 906 tempus
285 827 417 890 exclusit
434 847 453 889 a
470 828 669 908 baptismatis
687 828 967 908 administratione,
995 835 1076 895 atta-

145 941 215 982 men
231 923 274 984 ob
288 923 457 1002 specialem
475 924 696 985 nonnullorum
714 924 864 987 festorum
882 927 1000 988 cultum
1019 944 1075 989 vo-

144 1020 201 1080 luit
214 1025 251 1082 ut
265 1019 325 1081 illis
344 1007 455 1081 diebus
472 1019 668 1098 baptismatis
687 1019 913 1084 administratio
932 1039 1075 1084 reserva-

143 1121 238 1176 retur.
257 1117 298 1175 Et
311 1115 439 1195 quidem
454 1135 473 1176 a
486 1116 695 1177 remotissima
708 1117 892 1197 antiquitate
907 1121 939 1180 et
948 1117 1073 1198 jamdu-

143 1212 218 1273 dum
233 1230 254 1272 a
274 1212 413 1272 secundo
435 1212 485 1274 vel
504 1213 596 1275 tertio
618 1213 664 1273 rei
687 1213 864 1275 christianae
888 1215 1014 1292 saeculo,
1040 1215 1072 1276 id

142 1308 263 1387 placuit
274 1309 343 1368 fieri
358 1308 481 1370 duobus
501 1308 587 1370 iestis
608 1309 641 1369 111
662 1309 775 1388 quihus
795 1309 934 1370 Ecclesia
953 1328 1074 1374 memo·

141 1406 220 1467 riam
236 1405 377 1466 celebrat
391 1423 498 1466 eorum
513 1405 736 1486 mysteriorum
758 1423 828 1485 quae
846 1405 974 1484 speciali
994 1424 1073 1486 quo·

142 1501 215 1561 dam
243 1519 327 1560 nexu
350 1517 423 1560 eum
446 1502 592 1563 lleelesiae
616 1500 799 1562 fundatione
822 1504 896 1562 sunt
917 1519 1070 1579 connexa,

140 1596 289 1658 videlicet
302 1595 415 1676 vigiliis
430 1597 677 1659 Resumeotionis
699 1600 731 1658 et
747 1599 957 1659 Pentecostes.
979 1598 1070 1660 Hisce

140 1694 226 1754 festis
242 1693 328 1771 apud
342 1693 508 1754 nonnullas
523 1693 671 1754 ecclesias
686 1691 817 1754 accessit
835 1692 1012 1771 Epiphania
1029 1693 1069 1754 oh

140 1789 325 1850 memoriam
340 1787 401 1848 diei
415 1807 477 1869 quo
493 1789 607 1850 Christi
619 1789 812 1866 baptismum
826 1787 858 1849 iu
872 1789 890 1850 J
893 1788 1010 1850 ordene
1021 1806 1071 1850 ce-

139 1886 242 1947 lebrat
255 1886 412 1959 Ecclesia,
430 1885 502 1946 inde
517 1903 574 1964 pro
589 1885 684 1946 variis
698 1885 901 1946 ecelesiarum
915 1885 1067 1960 moribus,

141 1984 172 2039 et
193 1978 261 2039 dies
285 1978 408 2054 natalis,
434 1981 466 2040 et
492 1978 572 2040 festa
599 1977 811 2057 apostolorum
839 1981 871 2039 et
893 1979 1069 2055 martyrum

140 2079 350 2137 accesserunt.
367 2075 504 2136 cadente
518 2074 791 2149 catechumenatu,
808 2073 967 2135 ordinaria
985 2073 1069 2135 facte

140 2169 185 2228 est
199 2171 232 2228 et
245 2167 430 2245 quotidiana
442 2167 639 2245 baptismatis
653 2168 788 2228 collatio.
813 2169 921 2229 Solum
943 2171 982 2231 ad
1004 2189 1068 2232 me-

140 2264 273 2324 moriam
287 2265 417 2324 vetustae
439 2263 621 2342 disciplinae,
637 2263 720 2323 illius
740 2267 881 2324 remanet
902 2265 1068 2342 vestigium

139 2359 169 2418 in
182 2358 296 2418 ritibus
315 2358 369 2436 qui
383 2358 414 2417 in
428 2359 567 2419 sabbatis
588 2362 661 2420 ante
682 2356 804 2418 Pascha
818 2360 849 2418 et
863 2358 1069 2420 Pentecosten

141 2475 175 2516 ae
183 2470 242 2534 per
251 2457 334 2516 totas
343 2455 457 2516 harum
470 2457 706 2518 solemnitatum
720 2459 847 2517 octavas
860 2459 1065 2536 peraguntur,

141 2554 169 2612 et
182 2556 218 2610 ut
231 2551 362 2630 antiqua
375 2551 539 2633 disciplina
553 2551 657 2631 quoad
675 2551 855 2631 baptizandi
874 2555 998 2631 tempus
1013 2551 1068 2612 ali·

141 2664 199 2726 quo
215 2647 310 2708 modo
324 2651 477 2725 servetur,
491 2652 617 2726 exoptat
632 2648 754 2711 Rituale
769 2666 935 2710 romanum
950 2654 981 2709 et
995 2666 1067 2712 eon-

140 2744 244 2805 cilium
265 2746 444 2806 Romanum
458 2746 516 2806 sub
531 2745 700 2806 benedicto
720 2747 801 2822 Xlll,
817 2751 854 2807 ut
873 2746 941 2808 haee
961 2747 1067 2825 praxis

139 2839 168 2898 in
187 2839 335 2900 Ecclesiis
355 2840 531 2918 prasertim
552 2839 784 2901 cathedralibus
805 2847 958 2902 servetur.
976 2841 1066 2903 Unde

140 2932 216 2993 solet
239 2934 336 2994 etiam
359 2933 452 2995 hodie
476 2934 657 3013 frequenter
682 2935 857 3014 baptismus
884 2935 1066 2997 adultorum

139 3027 275 3089 sabbatis
296 3029 465 3106 predictis,
483 3031 515 3091 et
533 3031 674 3110 praeoipit
701 3031 918 3094 ceremoniale
947 3031 1068 3108 episco-

139 3140 249 3200 porum
264 3129 299 3184 ut
311 3141 369 3202 per
383 3127 452 3186 octo
467 3124 534 3186 dies
547 3128 620 3187 ante
635 3126 756 3187 Pascha
770 3127 802 3186 et
815 3126 1020 3206 Pentecosten
1034 3125 1066 3184 in

139 3218 194 3280 illis
209 3221 361 3298 eeclesiis,
378 3222 436 3283 nisi
455 3221 635 3300 perieulum.
649 3221 822 3297 immineat,
839 3219 942 3282 nullus
962 3219 1065 3282 infans

139 3313 324 3394 baptizetur.
