2548 4020
168 275 226 333 Μ
374 282 604 330 lnsrt'ru'rlotlas
624 282 707 329 tants
729 282 885 330 canorum.

208 427 394 492 Matrimonii
404 427 593 489 contradendi
600 445 697 503 conso,
710 430 746 490 ut
755 427 966 507 distinguatur
975 445 994 489 a
1003 429 1097 506 raptu

166 526 306 588 mulieris
333 525 374 586 ad
402 525 575 604 simplicem
597 524 770 602 libidinem,
794 525 845 586 uel
868 525 965 585 alium
987 525 1094 586 finem.

167 625 254 683 'lunc
269 624 377 699 raptus
392 619 522 682 violabit
540 619 719 680 libertatem
742 619 952 698 personalem,
978 619 1098 681 nullam

167 717 296 778 hebebit
309 718 493 778 relationem
507 733 579 777 cum
593 716 801 778 matrimonio.

207 814 241 876 Si
254 813 318 874 vim
332 811 480 889 insomne,
498 815 569 873 actu
584 812 742 873 contineat
761 811 899 890 puellam
919 813 978 874 sub
998 816 1094 890 metu,

166 915 241 972 tunc
256 910 306 971 irio
320 912 430 986 raptus
445 925 508 968 non
524 907 628 969 differt
641 907 680 968 ab
695 907 920 985 impedimento
935 910 1048 970 metus.

206 1006 239 1068 Si
253 1023 328 1067 vero
343 1003 560 1066 consideratur
574 1003 661 1064 velut
674 1003 838 1066 distinctus
860 1023 880 1066 a
900 1007 998 1081 metu,
1022 1008 1098 1067 tunc

166 1101 326 1164 constituit
339 1099 600 1178 impedimentum
615 1099 807 1176 distinctum,
820 1100 875 1161 sed
890 1088 976 1162 uarie
990 1101 1097 1162 mode-

164 1203 268 1260 ratum
279 1197 370 1278 juxte
384 1197 504 1258 variam
519 1195 630 1258 basim.

204 1296 221 1357 J
225 1312 280 1354 ure
289 1285 487 1369 Tridentino,
504 1293 588 1353 basis
603 1291 697 1372 hujus
711 1293 928 1372 impedimenti
941 1297 989 1354 est
1002 1293 1098 1354 liber-

165 1395 214 1452 tas
234 1389 434 1452 matrimonii.
460 1389 626 1450 Praesumit
650 1389 735 1450 euim
757 1389 810 1470 jus
830 1407 942 1451 eurarc
962 1397 1094 1468 metum,

168 1505 331 1568 quousque
359 1490 449 1564 rapta
477 1487 518 1546 sit
545 1485 603 1548 sub
630 1486 766 1565 raptoris
792 1489 959 1566 potestate.
987 1489 1097 1549 Posset

165 1585 247 1644 enim
263 1602 389 1662 semper
401 1583 516 1643 mulier
530 1581 674 1660 excipere
691 1582 729 1644 de
740 1582 881 1644 nullitate
890 1583 1093 1661 matrimonii,

165 1683 195 1741 et
209 1679 338 1740 arbitrio
353 1678 493 1740 mulieris
508 1678 586 1740 solvi
597 1677 709 1758 juncta
722 1676 923 1740 matrimonia
937 1679 996 1740 sub
1014 1690 1104 1757 praes

163 1778 249 1836 textu
276 1777 389 1848 metus.
419 1776 502 1853 Ergo
522 1773 616 1835 hodie
638 1777 749 1854 raptus
769 1774 1028 1853 impedimentum
1047 1778 1097 1836 est

162 1871 343 1932 inhabilitas
357 1870 563 1933 contrahendi
585 1872 668 1932 iuter
691 1875 851 1950 raptorem
870 1874 902 1933 et
919 1875 1043 1950 raptam
1059 1872 1096 1932 li-

163 1976 213 2029 eet
227 1968 412 2045 consentiat,
429 1967 600 2030 dummodo
616 1975 679 2029 nou
693 1968 734 2029 sit
746 1967 871 2029 reddita
884 1967 953 2030 loco
968 1971 1046 2030 tuto.

184 2065 361 2136 -Ouaeritur
374 2067 480 2126 utrum
492 2062 578 2125 idem
592 2065 632 2124 sit
651 2062 823 2124 dicendum
842 2062 881 2123 de
901 2065 993 2140 raptu
1012 2061 1097 2123 viri?

161 2160 218 2230 Jus
232 2157 358 2236 poenele
373 2160 404 2218 et
417 2156 561 2218 odiosum
576 2174 639 2217 nou
650 2156 957 2235 protrahendumest
969 2175 976 2216 :
989 2157 1097 2217 conci·
1183 2185 1193 2204 ·

161 2254 239 2315 lium
262 2252 498 2331 Tridentiuum,
524 2252 563 2314 de
586 2253 624 2313 iis
647 2253 818 2333 disposuit,
842 2271 912 2332 quaa
936 2252 1095 2314 ordinarie

163 2367 225 2410 nou
239 2366 323 2424 raro,
340 2348 536 2428 contingunt.

202 2445 265 2508 Sed
279 2444 421 2508 nonnulli
435 2444 543 2507 dicunt
557 2443 643 2524 quod
657 2443 770 2505 eadem
784 2443 824 2506 sit
841 2443 922 2506 ratio
940 2443 1095 2507 libertatis

161 2541 363 2603 matrimonii.

160 2727 185 2771 G.
201 2726 233 2770 De
242 2725 325 2770 deiectu
336 2726 412 2770 iormae
423 2730 445 2772 et
457 2729 511 2771 ritus
520 2729 604 2772 externi
614 2728 757 2773 essentialiter
768 2729 796 2772 ab
811 2728 905 2776 Ecclesia
916 2731 1047 2786 prescripti,
1058 2743 1095 2776 seu

438 2798 465 2842 de
476 2799 611 2843 clandestina
623 2800 787 2854 desponsatione
800 2799 818 2841 ¹.

200 2917 292 2981 XLII.
315 2937 329 2975 n
346 2917 544 3006 Matrimonia
565 2937 635 2998 quae
658 2920 725 2980 siue
745 2921 883 2999 parocho
909 2923 940 2983 et
962 2921 1094 2983 testibus

161 3012 399 3088 contrahuntur,
420 3011 568 3074 dicuntur
585 3013 790 3075 matrimonia
808 3015 1004 3078 clandestina
1026 3035 1033 3075 :
1055 3035 1093 3077 aa

160 3127 285 3188 semper
299 3109 426 3188 quidem
441 3109 471 3168 in
486 3109 627 3170 Ecclesia
646 3111 805 3190 prohibita
823 3111 960 3190 fuerunt,
982 3115 1014 3173 et
1032 3114 1093 3174 illi-

75 3217 77 3222 ’
157 3203 232 3279 cita,
250 3203 290 3264 ob
304 3204 414 3280 multa,
431 3208 463 3266 et
476 3204 586 3283 gravia
599 3205 816 3278 incommoda;
835 3224 898 3268 non
912 3206 1030 3270 fuerint
1044 3213 1092 3269 ta-

160 3313 232 3354 men
259 3303 332 3356 ante
360 3297 527 3359 concilium
553 3298 772 3360 Tridentinum
803 3300 961 3380 invalida,
996 3304 1091 3380 prout

191 3493 199 3528 1
216 3490 297 3575 Addit
312 3507 345 3542 ex
359 3496 490 3558 Pirhing„
505 3497 525 3546 l.
541 3499 584 3558 tv,
600 3501 687 3562 Dece,
702 3502 746 3551 tit.
763 3513 793 3551 11.
