2476 4022
352 261 390 308 ua
412 263 540 310 omuero
559 265 641 312 senis
662 265 816 315 11111111.
1007 255 1042 316 *tt

116 409 222 472 eerdis
237 408 435 485 enutritione,
453 409 515 469 oria
528 409 722 472 confessione
737 415 769 474 et
787 412 890 493 operis
909 409 1047 474 11111111-

115 504 206 566 tione
216 502 449 564 constituatur.
464 502 502 563 iis
517 505 600 564 euim
614 505 767 568 accedens
781 505 983 569 sacerdotalis
993 508 1047 570 ab·

116 598 232 660 solutio
248 600 482 659 sacramentum
496 602 667 679 perficitur.

155 696 232 754 time
248 711 347 774 quum
360 695 469 754 tanta
461 696 522 756 rusi
522 697 665 758 trelatio
679 699 762 761 iuter
781 697 925 761 ordinem
945 671 1048 760 erimi-

117 788 238 851 nalium
255 788 447 868 judiciorum
470 794 502 851 et
525 791 618 873 hujus
641 793 830 856 sacramenti
852 792 1050 856 administra·

117 885 249 961 tionem,
275 883 391 946 relictis
417 885 583 967 theologia
612 891 834 970 quaestiouibus
862 889 1049 970 dogmatieis

120 993 189 1058 quae
204 976 295 1039 vohis
310 982 391 1040 uotae
406 983 488 1057 suut,
506 984 581 1060 puto
591 984 728 1062 perbelle
738 1003 789 1046 me
799 984 946 1065 expedire
957 1001 1049 1062 posse

93 1111 98 1120 ·
119 1091 157 1135 ea
171 1089 242 1154 quae
256 1075 414 1154 pertinent
432 1075 473 1136 ad
493 1075 672 1156 hujusmodi
690 1079 879 1142 sacramenti
899 1079 1050 1140 adminis-

119 1171 289 1234 trationem
302 1173 397 1250 prout
408 1171 442 1231 in
456 1176 584 1234 externa
597 1175 743 1238 Eeeiesiae
763 1176 928 1257 disciplina
947 1177 1050 1257 posita

120 1270 177 1342 est,
202 1266 230 1327 si
257 1266 396 1327 theorias
419 1267 611 1348 judiciorum
638 1273 813 1352 praesertim
841 1272 1050 1334 criminalium

121 1361 314 1433 eeordiuabo
327 1360 370 1423 ad
384 1364 478 1444 hujus
492 1368 679 1428 sacramenti
694 1367 1006 1444 administrationem,
1019 1373 1052 1430 et

120 1459 164 1520 ita
178 1460 284 1536 aliqua
299 1476 337 1520 ex
351 1463 440 1538 parte
454 1479 618 1523 oeourram
632 1463 777 1526 brevitati
796 1463 947 1544 temporis
965 1463 1051 1543 quod

122 1556 264 1633 superest
276 1553 317 1614 ad
327 1572 455 1616 cursum
464 1557 577 1618 harum
587 1558 757 1623 lectionum
766 1559 967 1638 expleudum,
980 1575 1050 1641 qnae

48 1648 54 1660 “
122 1667 183 1711 111
196 1649 278 1712 sinet
291 1667 341 1712 me
356 1651 396 1711 de
406 1651 533 1732 J'udieiis
548 1656 765 1719 ecelesiastieis
779 1657 968 1718 locuturum.

70 1753 74 1766 '
160 1758 324 1840 Aualysim
339 1761 379 1821 ad
394 1760 456 1823 dno
471 1762 575 1841 eapite
589 1765 787 1847 restringam,
806 1781 876 1850 que
890 1763 1051 1846 praeeipua

124 1857 239 1917 suntin
254 1873 289 1916 re
305 1860 423 1920 nostra.
552 1870 556 1877 ·

199 1974 230 2032 10
243 1969 294 2031 Ad
308 1969 485 2033 ministrum
499 1990 554 2033 sen
565 1967 717 2053 judicem,

198 2071 230 2130 2⁰
243 2067 294 2131 Ad
305 2084 420 2148 poenas
435 2085 504 2149 quae
520 2085 606 2130 ereo
621 2070 793 2133 subeuudae
805 2075 888 2136 snut.

388 2277 561 2324 11111111
574 2281 638 2337 hujus
650 2281 786 2327 inerementi.

160 2414 198 2476 11.
216 2411 361 2476 Setisieei
374 2413 484 2493 primae
501 2415 735 2497 investigationi
753 2431 824 2477 eam
843 2411 993 2476 solvendo
1013 2431 1053 2478 ex

123 2509 190 2590 ipse
201 2516 317 2572 natura
332 2509 426 2591 hujus
440 2513 639 2576 sacramenti.
657 2515 736 2574 Nam
750 2511 844 2593 hujus
864 2511 1053 2574 seorsmenti

123 2611 234 2671 natura
257 2612 305 2672 est
329 2611 363 2669 nt
385 2608 425 2672 sit
443 2609 609 2690 judicium,
639 2629 676 2672 ex
704 2628 766 2692 quo
794 2608 997 2690 eonsequitnr
1018 2608 1052 2672 iu

123 2703 216 2785 hujus
229 2705 421 2768 sacramenti
435 2706 576 2768 ministro
597 2708 714 2791 requiri
733 2708 915 2770 facultatem
933 2706 1053 2768 ordinis

122 2802 161 2864 ad
182 2800 415 2864 eontioieudum
438 2809 681 2884 sacramentum,
706 2805 887 2868 facultatem
906 2803 1053 2886 jurisdic-

121 2897 215 2961 tionis
229 2897 271 2960 ad
282 2897 501 2978 judicandum,
525 2902 656 2980 proinde
678 2904 710 2964 iu
731 2922 768 2967 eo
791 2919 978 2965 eoueurrera
999 2901 1052 2962 ds·

122 2995 197 3058 bere
211 2996 417 3058 idoneitatem
431 2998 564 3062 ministri
579 3003 611 3063 et
623 3003 811 3082 potestatem
822 2995 948 3080 judicis,
961 2995 1054 3058 sieuti
1124 3051 1129 3060 .

122 3091 264 3172 inhujus
279 3097 467 3159 sacramenti
483 3101 637 3177 ooneeptu
650 3107 739 3163 aetus
757 3091 992 3161 sacramentalis
1006 3095 1056 3157 est

124 3193 211 3252 aetus
219 3185 392 3269 1111111111,
409 3194 440 3254 et
453 3191 625 3257 vicerema

161 3294 227 3354 Hoe
242 3290 345 3371 posito
361 3290 436 3355 dixi

162 3393 254 3456 Solos
268 3393 448 3456 sacerdotes
469 3411 537 3456 esse
558 3391 718 3453 ministros
739 3388 833 3470 hujus
854 3383 1052 3465 sacramenti,

129 3495 241 3575 quibus
260 3491 381 3556 dietum
402 3498 459 3556 est
488 3491 656 3568 uotorum
676 3486 844 3552 renueritis
865 3497 1005 3570 peecata.
1022 3505 1050 3546 1
