<?xml version="1.0" encoding="UTF-8"?>
<!DOCTYPE html PUBLIC "-//W3C//DTD XHTML 1.0 Transitional//EN"
    "http://www.w3.org/TR/xhtml1/DTD/xhtml1-transitional.dtd">
<html xmlns="http://www.w3.org/1999/xhtml" xml:lang="en" lang="en">
 <head>
  <title>
</title>
<meta http-equiv="Content-Type" content="text/html;charset=utf-8" />
  <meta name='ocr-system' content='tesseract 3.04.00' />
  <meta name='ocr-capabilities' content='ocr_page ocr_carea ocr_par ocr_line ocrx_word'/>
</head>
<body>
  <div class='ocr_page' id='page_1' title='image "./institutionesju00marigoog_0332.png"; bbox 0 0 2530 4016; ppageno 0'>
   <div class='ocr_carea' id='block_1_1' title="bbox 358 290 1059 350">
    <p class='ocr_par' dir='ltr' id='par_1_1' title="bbox 358 290 1059 350">
     <span class='ocr_line' id='line_1_1' title="bbox 358 290 1059 350; baseline 0.003 -4"><span class='ocrx_word' id='word_1_1' title='bbox 358 303 397 346; x_wconf 85' lang='lat' dir='ltr'><strong>nn</strong></span> <span class='ocrx_word' id='word_1_2' title='bbox 418 301 547 348; x_wconf 84' lang='lat' dir='ltr'><strong>cornero</strong></span> <span class='ocrx_word' id='word_1_3' title='bbox 568 301 651 347; x_wconf 78' lang='lat' dir='ltr'><strong>ionis</strong></span> <span class='ocrx_word' id='word_1_4' title='bbox 673 302 829 347; x_wconf 72' lang='lat' dir='ltr'><strong>canonici.</strong></span> <span class='ocrx_word' id='word_1_5' title='bbox 1001 290 1059 350; x_wconf 72' lang='lat'><strong>325</strong></span> 
     </span>
    </p>
   </div>
   <div class='ocr_carea' id='block_1_2' title="bbox 18 442 1060 528">
    <p class='ocr_par' dir='ltr' id='par_1_2' title="bbox 18 442 1060 528">
     <span class='ocr_line' id='line_1_2' title="bbox 18 442 1060 528; baseline -0.004 -20"><span class='ocrx_word' id='word_1_6' title='bbox 18 443 20 456; x_wconf 87' lang='lat'>&#39;</span> <span class='ocrx_word' id='word_1_7' title='bbox 129 446 239 528; x_wconf 84' lang='lat' dir='ltr'><strong>gulare</strong></span> <span class='ocrx_word' id='word_1_8' title='bbox 253 449 289 506; x_wconf 88' lang='lat' dir='ltr'><strong>ut</strong></span> <span class='ocrx_word' id='word_1_9' title='bbox 302 444 342 505; x_wconf 90' lang='lat' dir='ltr'><strong>de</strong></span> <span class='ocrx_word' id='word_1_10' title='bbox 356 444 393 504; x_wconf 90' lang='lat' dir='ltr'><strong>iis</strong></span> <span class='ocrx_word' id='word_1_11' title='bbox 408 443 566 524; x_wconf 84' lang='lat' dir='ltr'><strong>agendum</strong></span> <span class='ocrx_word' id='word_1_12' title='bbox 581 443 622 504; x_wconf 88' lang='lat' dir='ltr'><strong>sit</strong></span> <span class='ocrx_word' id='word_1_13' title='bbox 635 442 750 522; x_wconf 90' lang='lat' dir='ltr'><strong>injure</strong></span> <span class='ocrx_word' id='word_1_14' title='bbox 766 443 987 520; x_wconf 87' lang='lat' dir='ltr'><strong>ecclesiastico,</strong></span> <span class='ocrx_word' id='word_1_15' title='bbox 1005 445 1060 505; x_wconf 91' lang='lat' dir='ltr'><strong>sed</strong></span> 
     </span>
    </p>
   </div>
   <div class='ocr_carea' id='block_1_3' title="bbox 129 540 1062 720">
    <p class='ocr_par' dir='ltr' id='par_1_3' title="bbox 129 540 1062 720">
     <span class='ocr_line' id='line_1_3' title="bbox 130 540 1062 622; baseline -0.004 -16"><span class='ocrx_word' id='word_1_16' title='bbox 130 541 348 606; x_wconf 89' lang='lat' dir='ltr'><strong>communibus</strong></span> <span class='ocrx_word' id='word_1_17' title='bbox 363 540 547 622; x_wconf 86' lang='lat' dir='ltr'><strong>acquirendi</strong></span> <span class='ocrx_word' id='word_1_18' title='bbox 560 541 661 602; x_wconf 90' lang='lat' dir='ltr'><strong>modis</strong></span> <span class='ocrx_word' id='word_1_19' title='bbox 683 559 740 600; x_wconf 86' lang='lat' dir='ltr'><strong>usa</strong></span> <span class='ocrx_word' id='word_1_20' title='bbox 763 543 810 601; x_wconf 90' lang='lat' dir='ltr'><strong>cst</strong></span> <span class='ocrx_word' id='word_1_21' title='bbox 831 541 972 602; x_wconf 76' lang='lat' dir='ltr'>Ecclesia</span> <span class='ocrx_word' id='word_1_22' title='bbox 995 543 1062 620; x_wconf 90' lang='lat' dir='ltr'><strong>qui-</strong></span> 
     </span>
     <span class='ocr_line' id='line_1_4' title="bbox 129 634 1061 720; baseline -0.005 -21"><span class='ocrx_word' id='word_1_23' title='bbox 129 640 189 700; x_wconf 90' lang='lat' dir='ltr'><strong>hus</strong></span> <span class='ocrx_word' id='word_1_24' title='bbox 204 637 341 720; x_wconf 74' lang='lat' dir='ltr'><strong>assolent</strong></span> <span class='ocrx_word' id='word_1_25' title='bbox 355 636 439 695; x_wconf 90' lang='lat' dir='ltr'><strong>cives</strong></span> <span class='ocrx_word' id='word_1_26' title='bbox 454 652 523 714; x_wconf 83' lang='lat' dir='ltr'><strong>quaa</strong></span> <span class='ocrx_word' id='word_1_27' title='bbox 538 634 597 694; x_wconf 90' lang='lat' dir='ltr'><strong>sibi</strong></span> <span class='ocrx_word' id='word_1_28' title='bbox 613 634 791 694; x_wconf 78' lang='lat' dir='ltr'><strong>necessaria</strong></span> <span class='ocrx_word' id='word_1_29' title='bbox 805 637 877 719; x_wconf 89' lang='lat' dir='ltr'><strong>sunt</strong></span> <span class='ocrx_word' id='word_1_30' title='bbox 897 634 956 694; x_wconf 87' lang='lat' dir='ltr'><strong>sibi</strong></span> <span class='ocrx_word' id='word_1_31' title='bbox 979 653 1061 696; x_wconf 88' lang='lat' dir='ltr'><strong>com-</strong></span> 
     </span>
    </p>
   </div>
   <div class='ocr_carea' id='block_1_4' title="bbox 130 729 899 813">
    <p class='ocr_par' dir='ltr' id='par_1_4' title="bbox 130 729 899 813">
     <span class='ocr_line' id='line_1_5' title="bbox 130 729 899 813; baseline -0.005 -18"><span class='ocrx_word' id='word_1_32' title='bbox 130 751 254 813; x_wconf 87' lang='lat' dir='ltr'><strong>parare.</strong></span> <span class='ocrx_word' id='word_1_33' title='bbox 271 733 365 812; x_wconf 76' lang='lat' dir='ltr'><strong>Ergo,</strong></span> <span class='ocrx_word' id='word_1_34' title='bbox 380 732 418 791; x_wconf 91' lang='lat' dir='ltr'><strong>iis</strong></span> <span class='ocrx_word' id='word_1_35' title='bbox 433 731 561 806; x_wconf 87' lang='lat' dir='ltr'><strong>relictis,</strong></span> <span class='ocrx_word' id='word_1_36' title='bbox 579 729 743 808; x_wconf 86' lang='lat' dir='ltr'><strong>deprimis</strong></span> <span class='ocrx_word' id='word_1_37' title='bbox 759 733 899 810; x_wconf 76' lang='lat' dir='ltr'><strong>agem‘us.</strong></span> 
     </span>
    </p>
   </div>
   <div class='ocr_carea' id='block_1_5' title="bbox 130 826 1064 1484">
    <p class='ocr_par' dir='ltr' id='par_1_5' title="bbox 130 826 1064 1278">
     <span class='ocr_line' id='line_1_6' title="bbox 171 826 1064 906; baseline -0.002 -16"><span class='ocrx_word' id='word_1_38' title='bbox 171 834 268 893; x_wconf 86' lang='lat' dir='ltr'><strong>Porro</strong></span> <span class='ocrx_word' id='word_1_39' title='bbox 292 847 364 890; x_wconf 90' lang='lat' dir='ltr'><strong>enm</strong></span> <span class='ocrx_word' id='word_1_40' title='bbox 384 827 462 888; x_wconf 86' lang='lat' dir='ltr'>nihil</span> <span class='ocrx_word' id='word_1_41' title='bbox 483 827 584 906; x_wconf 83' lang='lat' dir='ltr'><strong>magis</strong></span> <span class='ocrx_word' id='word_1_42' title='bbox 609 827 752 887; x_wconf 84' lang='lat' dir='ltr'><strong>naturale</strong></span> <span class='ocrx_word' id='word_1_43' title='bbox 776 828 816 889; x_wconf 91' lang='lat' dir='ltr'><strong>sit</strong></span> <span class='ocrx_word' id='word_1_44' title='bbox 837 831 871 888; x_wconf 94' lang='lat' dir='ltr'><strong>ut</strong></span> <span class='ocrx_word' id='word_1_45' title='bbox 891 827 913 886; x_wconf 95' lang='lat' dir='ltr'><strong>ii</strong></span> <span class='ocrx_word' id='word_1_46' title='bbox 927 826 1064 888; x_wconf 75' lang='lat' dir='ltr'><strong>sentiant</strong></span> 
     </span>
     <span class='ocr_line' id='line_1_7' title="bbox 130 922 1063 1003; baseline -0.004 -15"><span class='ocrx_word' id='word_1_47' title='bbox 130 926 331 988; x_wconf 88' lang='lat' dir='ltr'><strong>incommoda</strong></span> <span class='ocrx_word' id='word_1_48' title='bbox 345 925 399 1003; x_wconf 91' lang='lat' dir='ltr'><strong>qui</strong></span> <span class='ocrx_word' id='word_1_49' title='bbox 413 925 452 984; x_wconf 92' lang='lat' dir='ltr'><strong>de</strong></span> <span class='ocrx_word' id='word_1_50' title='bbox 468 923 632 985; x_wconf 89' lang='lat' dir='ltr'><strong>commodo</strong></span> <span class='ocrx_word' id='word_1_51' title='bbox 647 923 849 1003; x_wconf 86' lang='lat' dir='ltr'><strong>participant,</strong></span> <span class='ocrx_word' id='word_1_52' title='bbox 866 922 942 983; x_wconf 87' lang='lat' dir='ltr'><strong>nihil</strong></span> <span class='ocrx_word' id='word_1_53' title='bbox 962 924 1063 1003; x_wconf 85' lang='lat' dir='ltr'><strong>magis</strong></span> 
     </span>
     <span class='ocr_line' id='line_1_8' title="bbox 131 1015 1064 1104; baseline -0.005 -19"><span class='ocrx_word' id='word_1_54' title='bbox 131 1041 257 1104; x_wconf 80' lang='lat' dir='ltr'><strong>acquum</strong></span> <span class='ocrx_word' id='word_1_55' title='bbox 279 1020 338 1082; x_wconf 90' lang='lat' dir='ltr'><strong>fuit</strong></span> <span class='ocrx_word' id='word_1_56' title='bbox 360 1025 394 1083; x_wconf 91' lang='lat' dir='ltr'><strong>ut</strong></span> <span class='ocrx_word' id='word_1_57' title='bbox 414 1020 556 1082; x_wconf 85' lang='lat' dir='ltr'><strong>fidelium</strong></span> <span class='ocrx_word' id='word_1_58' title='bbox 580 1015 789 1082; x_wconf 81' lang='lat' dir='ltr'><strong>oblationibus</strong></span> <span class='ocrx_word' id='word_1_59' title='bbox 810 1019 981 1098; x_wconf 86' lang='lat' dir='ltr'><strong>peculium,</strong></span> <span class='ocrx_word' id='word_1_60' title='bbox 1007 1037 1064 1080; x_wconf 89' lang='lat' dir='ltr'><strong>scu</strong></span> 
     </span>
     <span class='ocr_line' id='line_1_9' title="bbox 131 1116 1064 1198; baseline -0.005 -18"><span class='ocrx_word' id='word_1_61' title='bbox 131 1119 242 1181; x_wconf 87' lang='lat' dir='ltr'><strong>melius</strong></span> <span class='ocrx_word' id='word_1_62' title='bbox 265 1117 490 1198; x_wconf 80' lang='lat' dir='ltr'><strong>patrimonium</strong></span> <span class='ocrx_word' id='word_1_63' title='bbox 513 1116 760 1178; x_wconf 85' lang='lat' dir='ltr'><strong>ecclesiasticum</strong></span> <span class='ocrx_word' id='word_1_64' title='bbox 783 1116 927 1195; x_wconf 88' lang='lat' dir='ltr'><strong>primitiis</strong></span> <span class='ocrx_word' id='word_1_65' title='bbox 948 1116 1064 1179; x_wconf 90' lang='lat' dir='ltr'><strong>consti-</strong></span> 
     </span>
     <span class='ocr_line' id='line_1_10' title="bbox 130 1216 296 1278; baseline -0.012 1"><span class='ocrx_word' id='word_1_66' title='bbox 130 1221 234 1278; x_wconf 85' lang='lat' dir='ltr'><strong>tutum</strong></span> <span class='ocrx_word' id='word_1_67' title='bbox 247 1216 296 1277; x_wconf 90' lang='lat' dir='ltr'><strong>sit.</strong></span> 
     </span>
    </p>

    <p class='ocr_par' dir='ltr' id='par_1_6' title="bbox 130 1306 1064 1484">
     <span class='ocr_line' id='line_1_11' title="bbox 171 1306 1064 1392; baseline -0.006 -19"><span class='ocrx_word' id='word_1_68' title='bbox 171 1309 358 1392; x_wconf 88' lang='lat' dir='ltr'><strong>Hujusmodi</strong></span> <span class='ocrx_word' id='word_1_69' title='bbox 381 1313 487 1370; x_wconf 90' lang='lat' dir='ltr'><strong>antem</strong></span> <span class='ocrx_word' id='word_1_70' title='bbox 509 1307 684 1371; x_wconf 84' lang='lat' dir='ltr'><strong>oblationes</strong></span> <span class='ocrx_word' id='word_1_71' title='bbox 714 1308 784 1370; x_wconf 87' lang='lat' dir='ltr'><strong>aliae</strong></span> <span class='ocrx_word' id='word_1_72' title='bbox 816 1306 944 1368; x_wconf 87' lang='lat' dir='ltr'><strong>fuerunt</strong></span> <span class='ocrx_word' id='word_1_73' title='bbox 969 1324 1064 1386; x_wconf 88' lang='lat' dir='ltr'><strong>spon·</strong></span> 
     </span>
     <span class='ocr_line' id='line_1_12' title="bbox 130 1403 549 1484; baseline -0.005 -16"><span class='ocrx_word' id='word_1_74' title='bbox 130 1411 243 1484; x_wconf 71' lang='lat' dir='ltr'><strong>mnam,</strong></span> <span class='ocrx_word' id='word_1_75' title='bbox 260 1407 329 1470; x_wconf 85' lang='lat' dir='ltr'><strong>eliac</strong></span> <span class='ocrx_word' id='word_1_76' title='bbox 344 1403 549 1484; x_wconf 78' lang='lat' dir='ltr'><strong>obligatorias.</strong></span> 
     </span>
    </p>
   </div>
   <div class='ocr_carea' id='block_1_6' title="bbox 314 1578 881 1629">
    <p class='ocr_par' dir='ltr' id='par_1_7' title="bbox 314 1578 881 1629">
     <span class='ocr_line' id='line_1_13' title="bbox 314 1578 881 1629; baseline -0.004 -8"><span class='ocrx_word' id='word_1_77' title='bbox 314 1583 326 1629; x_wconf 67' lang='grc' dir='ltr'><strong>ἓ</strong></span> <span class='ocrx_word' id='word_1_78' title='bbox 342 1578 363 1621; x_wconf 73' lang='grc' dir='ltr'><strong>Ῑ.</strong></span> <span class='ocrx_word' id='word_1_79' title='bbox 378 1587 405 1622; x_wconf 74' lang='lat' dir='ltr'><strong>DE</strong></span> <span class='ocrx_word' id='word_1_80' title='bbox 421 1587 562 1622; x_wconf 74' lang='lat' dir='ltr'>SPONTANEIS</span> <span class='ocrx_word' id='word_1_81' title='bbox 577 1588 689 1622; x_wconf 74' lang='lat' dir='ltr'><strong>Flnlttutt</strong></span> <span class='ocrx_word' id='word_1_82' title='bbox 706 1587 881 1622; x_wconf 73' lang='lat' dir='ltr'><strong>OBM&#39;HONIBUS·</strong></span> 
     </span>
    </p>
   </div>
   <div class='ocr_carea' id='block_1_7' title="bbox 132 1684 1101 2338">
    <p class='ocr_par' dir='ltr' id='par_1_8' title="bbox 170 1684 587 1747">
     <span class='ocr_line' id='line_1_14' title="bbox 170 1684 587 1747; baseline 0 -1"><span class='ocrx_word' id='word_1_83' title='bbox 170 1685 223 1747; x_wconf 90' lang='lat'>111.</span> <span class='ocrx_word' id='word_1_84' title='bbox 239 1686 309 1746; x_wconf 86' lang='lat' dir='ltr'><strong>Istae</strong></span> <span class='ocrx_word' id='word_1_85' title='bbox 324 1684 453 1747; x_wconf 85' lang='lat' dir='ltr'><strong>fuerunt</strong></span> <span class='ocrx_word' id='word_1_86' title='bbox 466 1686 564 1746; x_wconf 86' lang='lat' dir='ltr'><strong>variae</strong></span> <span class='ocrx_word' id='word_1_87' title='bbox 580 1706 587 1746; x_wconf 91' lang='lat'>:</span> 
     </span>
    </p>

    <p class='ocr_par' dir='ltr' id='par_1_9' title="bbox 132 1776 1101 1961">
     <span class='ocr_line' id='line_1_15' title="bbox 172 1776 1060 1858; baseline -0.002 -18"><span class='ocrx_word' id='word_1_88' title='bbox 172 1781 204 1840; x_wconf 90' lang='lat' dir='ltr'><strong>l⁰</strong></span> <span class='ocrx_word' id='word_1_89' title='bbox 218 1779 295 1850; x_wconf 85' lang='lat' dir='ltr'><strong>Aliae</strong></span> <span class='ocrx_word' id='word_1_90' title='bbox 307 1778 426 1840; x_wconf 86' lang='lat' dir='ltr'><strong>fiebant</strong></span> <span class='ocrx_word' id='word_1_91' title='bbox 440 1778 481 1840; x_wconf 86' lang='lat' dir='ltr'><strong>ad</strong></span> <span class='ocrx_word' id='word_1_92' title='bbox 496 1778 605 1855; x_wconf 87' lang='lat' dir='ltr'><strong>altare,</strong></span> <span class='ocrx_word' id='word_1_93' title='bbox 617 1777 924 1858; x_wconf 82' lang='lat' dir='ltr'><strong>temporcsacrisrcii.</strong></span> <span class='ocrx_word' id='word_1_94' title='bbox 942 1776 1060 1840; x_wconf 86' lang='lat' dir='ltr'><strong>Concil.</strong></span> 
     </span>
     <span class='ocr_line' id='line_1_16' title="bbox 132 1873 1101 1961; baseline 0.001 -26"><span class='ocrx_word' id='word_1_95' title='bbox 132 1873 279 1954; x_wconf 76' lang='lat' dir='ltr'><strong>Carthag.</strong></span> <span class='ocrx_word' id='word_1_96' title='bbox 297 1877 327 1952; x_wconf 90' lang='lat'><strong>3,</strong></span> <span class='ocrx_word' id='word_1_97' title='bbox 345 1893 372 1936; x_wconf 90' lang='lat' dir='ltr'><strong>c.</strong></span> <span class='ocrx_word' id='word_1_98' title='bbox 389 1878 439 1936; x_wconf 74' lang='lat'><strong>24.</strong></span> <span class='ocrx_word' id='word_1_99' title='bbox 454 1909 495 1920; x_wconf 91' lang='lat'>—</span> <span class='ocrx_word' id='word_1_100' title='bbox 508 1876 583 1936; x_wconf 85' lang='lat' dir='ltr'><strong>Gan.</strong></span> <span class='ocrx_word' id='word_1_101' title='bbox 601 1879 702 1954; x_wconf 87' lang='lat' dir='ltr'><strong>apost.</strong></span> <span class='ocrx_word' id='word_1_102' title='bbox 719 1877 749 1936; x_wconf 86' lang='lat'><strong>3.</strong></span> <span class='ocrx_word' id='word_1_103' title='bbox 1095 1951 1101 1961; x_wconf 19' lang='grc' dir='ltr'><strong><em>ι</em></strong></span> 
     </span>
    </p>

    <p class='ocr_par' dir='ltr' id='par_1_10' title="bbox 133 1968 1061 2145">
     <span class='ocr_line' id='line_1_17' title="bbox 171 1968 1061 2052; baseline -0.003 -20"><span class='ocrx_word' id='word_1_104' title='bbox 171 1974 204 2032; x_wconf 72' lang='lat'><strong>2⁰</strong></span> <span class='ocrx_word' id='word_1_105' title='bbox 217 1969 295 2032; x_wconf 76' lang='lat' dir='ltr'><strong>Alia</strong></span> <span class='ocrx_word' id='word_1_106' title='bbox 309 1970 342 2030; x_wconf 91' lang='lat' dir='ltr'><strong>in</strong></span> <span class='ocrx_word' id='word_1_107' title='bbox 366 1971 522 2052; x_wconf 77' lang='lat' dir='ltr'><strong>exsequiis</strong></span> <span class='ocrx_word' id='word_1_108' title='bbox 545 1973 753 2046; x_wconf 86' lang='lat' dir='ltr'><strong>mortuorum,</strong></span> <span class='ocrx_word' id='word_1_109' title='bbox 770 1971 802 2030; x_wconf 93' lang='lat' dir='ltr'><strong>in</strong></span> <span class='ocrx_word' id='word_1_110' title='bbox 822 1969 919 2030; x_wconf 86' lang='lat' dir='ltr'><strong>sacris</strong></span> <span class='ocrx_word' id='word_1_111' title='bbox 940 1968 1061 2046; x_wconf 84' lang='lat' dir='ltr'><strong>officiis,</strong></span> 
     </span>
     <span class='ocr_line' id='line_1_18' title="bbox 133 2065 566 2145; baseline 0.009 -21"><span class='ocrx_word' id='word_1_112' title='bbox 133 2065 337 2127; x_wconf 85' lang='lat' dir='ltr'><strong>sacramentis</strong></span> <span class='ocrx_word' id='word_1_113' title='bbox 352 2065 566 2145; x_wconf 75' lang='lat' dir='ltr'><strong>suscipiendis.</strong></span> 
     </span>
    </p>

    <p class='ocr_par' dir='ltr' id='par_1_11' title="bbox 135 2161 1060 2338">
     <span class='ocr_line' id='line_1_19' title="bbox 172 2161 1060 2240; baseline -0.001 -18"><span class='ocrx_word' id='word_1_114' title='bbox 172 2163 204 2222; x_wconf 85' lang='lat'><strong>3⁰</strong></span> <span class='ocrx_word' id='word_1_115' title='bbox 230 2161 309 2223; x_wconf 85' lang='lat' dir='ltr'><strong>Aliae</strong></span> <span class='ocrx_word' id='word_1_116' title='bbox 322 2161 606 2240; x_wconf 28' lang='lat' dir='ltr'><strong>“hebdomadaria</strong></span> <span class='ocrx_word' id='word_1_117' title='bbox 630 2165 662 2223; x_wconf 88' lang='lat' dir='ltr'><strong>ct</strong></span> <span class='ocrx_word' id='word_1_118' title='bbox 689 2164 867 2223; x_wconf 78' lang='lat' dir='ltr'><strong>menstrua.</strong></span> <span class='ocrx_word' id='word_1_119' title='bbox 893 2163 925 2224; x_wconf 89' lang='lat' dir='ltr'><strong>S.</strong></span> <span class='ocrx_word' id='word_1_120' title='bbox 958 2161 1060 2236; x_wconf 83' lang='lat' dir='ltr'><strong>Paul,</strong></span> 
     </span>
     <span class='ocr_line' id='line_1_20' title="bbox 135 2257 953 2338; baseline 0.002 -20"><span class='ocrx_word' id='word_1_121' title='bbox 135 2257 147 2317; x_wconf 93' lang='lat'>1</span> <span class='ocrx_word' id='word_1_122' title='bbox 163 2259 248 2334; x_wconf 80' lang='lat' dir='ltr'><strong>Con,</strong></span> <span class='ocrx_word' id='word_1_123' title='bbox 263 2273 329 2336; x_wconf 79' lang='lat' dir='ltr'><strong>xvr,</strong></span> <span class='ocrx_word' id='word_1_124' title='bbox 345 2261 384 2326; x_wconf 80' lang='lat' dir='ltr'><strong>u;</strong></span> <span class='ocrx_word' id='word_1_125' title='bbox 400 2258 544 2336; x_wconf 78' lang='lat' dir='ltr'><strong>Tertull.,</strong></span> <span class='ocrx_word' id='word_1_126' title='bbox 561 2259 709 2338; x_wconf 66' lang='lat' dir='ltr'><strong>Apolog„</strong></span> <span class='ocrx_word' id='word_1_127' title='bbox 726 2276 754 2321; x_wconf 89' lang='lat' dir='ltr'><strong>c.</strong></span> <span class='ocrx_word' id='word_1_128' title='bbox 772 2261 821 2320; x_wconf 82' lang='lat'><strong>39.</strong></span> <span class='ocrx_word' id='word_1_129' title='bbox 951 2257 953 2262; x_wconf 80' lang='grc'><strong>’</strong></span> 
     </span>
    </p>
   </div>
   <div class='ocr_carea' id='block_1_8' title="bbox 172 2352 1066 2522">
    <p class='ocr_par' dir='ltr' id='par_1_12' title="bbox 172 2352 1066 2522">
     <span class='ocr_line' id='line_1_21' title="bbox 172 2352 1061 2433; baseline -0.001 -20"><span class='ocrx_word' id='word_1_130' title='bbox 172 2357 204 2413; x_wconf 70' lang='lat'><strong>4⁰</strong></span> <span class='ocrx_word' id='word_1_131' title='bbox 219 2352 295 2414; x_wconf 85' lang='lat' dir='ltr'><strong>Aliae</strong></span> <span class='ocrx_word' id='word_1_132' title='bbox 306 2353 434 2413; x_wconf 87' lang='lat' dir='ltr'><strong>demum</strong></span> <span class='ocrx_word' id='word_1_133' title='bbox 443 2354 705 2432; x_wconf 78' lang='lat' dir='ltr'><strong>quandocumque</strong></span> <span class='ocrx_word' id='word_1_134' title='bbox 715 2361 746 2414; x_wconf 91' lang='lat' dir='ltr'><strong>et</strong></span> <span class='ocrx_word' id='word_1_135' title='bbox 754 2354 1061 2433; x_wconf 88' lang='lat' dir='ltr'><strong>quomodocumque.</strong></span> 
     </span>
     <span class='ocr_line' id='line_1_22' title="bbox 173 2442 1066 2522; baseline 0 -20"><span class='ocrx_word' id='word_1_136' title='bbox 173 2442 361 2521; x_wconf 89' lang='lat' dir='ltr'><strong>Hujusmodi</strong></span> <span class='ocrx_word' id='word_1_137' title='bbox 374 2443 553 2522; x_wconf 83' lang='lat' dir='ltr'><strong>spontaneis</strong></span> <span class='ocrx_word' id='word_1_138' title='bbox 568 2443 777 2505; x_wconf 86' lang='lat' dir='ltr'><strong>oblationibus</strong></span> <span class='ocrx_word' id='word_1_139' title='bbox 792 2444 935 2520; x_wconf 85' lang='lat' dir='ltr'><strong>accessit,</strong></span> <span class='ocrx_word' id='word_1_140' title='bbox 959 2451 990 2503; x_wconf 91' lang='lat' dir='ltr'><strong>et</strong></span> <span class='ocrx_word' id='word_1_141' title='bbox 1004 2444 1066 2502; x_wconf 91' lang='lat' dir='ltr'><strong>im-</strong></span> 
     </span>
    </p>
   </div>
   <div class='ocr_carea' id='block_1_9' title="bbox 133 2539 1068 3479">
    <p class='ocr_par' dir='ltr' id='par_1_13' title="bbox 133 2539 1068 3479">
     <span class='ocr_line' id='line_1_23' title="bbox 133 2539 1064 2622; baseline 0.002 -24"><span class='ocrx_word' id='word_1_142' title='bbox 133 2541 316 2616; x_wconf 86' lang='lat' dir='ltr'><strong>peratorum</strong></span> <span class='ocrx_word' id='word_1_143' title='bbox 343 2539 585 2603; x_wconf 87' lang='lat' dir='ltr'><strong>christianorum</strong></span> <span class='ocrx_word' id='word_1_144' title='bbox 612 2541 724 2618; x_wconf 83' lang='lat' dir='ltr'><strong>pietas,</strong></span> <span class='ocrx_word' id='word_1_145' title='bbox 755 2543 809 2622; x_wconf 89' lang='lat' dir='ltr'><strong>qui</strong></span> <span class='ocrx_word' id='word_1_146' title='bbox 836 2540 1064 2620; x_wconf 79' lang='lat' dir='ltr'><strong>amplissimam</strong></span> 
     </span>
     <span class='ocr_line' id='line_1_24' title="bbox 134 2633 1065 2716; baseline 0.002 -22"><span class='ocrx_word' id='word_1_147' title='bbox 134 2641 356 2696; x_wconf 80' lang='lat' dir='ltr'><strong>consessorum</strong></span> <span class='ocrx_word' id='word_1_148' title='bbox 375 2633 520 2695; x_wconf 83' lang='lat' dir='ltr'><strong>fidelibus</strong></span> <span class='ocrx_word' id='word_1_149' title='bbox 549 2635 731 2696; x_wconf 85' lang='lat' dir='ltr'><strong>facultatem</strong></span> <span class='ocrx_word' id='word_1_150' title='bbox 760 2636 948 2716; x_wconf 87' lang='lat' dir='ltr'><strong>disponendi</strong></span> <span class='ocrx_word' id='word_1_151' title='bbox 970 2637 1009 2696; x_wconf 91' lang='lat' dir='ltr'><strong>de</strong></span> <span class='ocrx_word' id='word_1_152' title='bbox 1031 2654 1065 2696; x_wconf 88' lang='lat' dir='ltr'><strong>re</strong></span> 
     </span>
     <span class='ocr_line' id='line_1_25' title="bbox 133 2730 1065 2810; baseline 0.003 -19"><span class='ocrx_word' id='word_1_153' title='bbox 133 2731 236 2792; x_wconf 89' lang='lat' dir='ltr'><strong>suain</strong></span> <span class='ocrx_word' id='word_1_154' title='bbox 251 2731 392 2792; x_wconf 83' lang='lat' dir='ltr'><strong>favorem</strong></span> <span class='ocrx_word' id='word_1_155' title='bbox 405 2730 563 2808; x_wconf 75' lang='lat' dir='ltr'><strong>Ecclesia,</strong></span> <span class='ocrx_word' id='word_1_156' title='bbox 576 2732 641 2810; x_wconf 86' lang='lat' dir='ltr'><strong>sivc</strong></span> <span class='ocrx_word' id='word_1_157' title='bbox 657 2733 776 2794; x_wconf 88' lang='lat' dir='ltr'><strong>actibus</strong></span> <span class='ocrx_word' id='word_1_158' title='bbox 791 2733 985 2810; x_wconf 84' lang='lat' dir='ltr'><strong>interrivos,</strong></span> <span class='ocrx_word' id='word_1_159' title='bbox 1000 2734 1065 2794; x_wconf 87' lang='lat' dir='ltr'><strong>sive</strong></span> 
     </span>
     <span class='ocr_line' id='line_1_26' title="bbox 134 2825 1064 2902; baseline 0.002 -18"><span class='ocrx_word' id='word_1_160' title='bbox 134 2842 229 2886; x_wconf 86' lang='lat' dir='ltr'><strong>causa</strong></span> <span class='ocrx_word' id='word_1_161' title='bbox 242 2825 361 2902; x_wconf 89' lang='lat' dir='ltr'><strong>mortis,</strong></span> <span class='ocrx_word' id='word_1_162' title='bbox 379 2832 434 2885; x_wconf 87' lang='lat' dir='ltr'><strong>aut</strong></span> <span class='ocrx_word' id='word_1_163' title='bbox 446 2828 689 2888; x_wconf 82' lang='lat' dir='ltr'><strong>testamentariis</strong></span> <span class='ocrx_word' id='word_1_164' title='bbox 709 2829 977 2900; x_wconf 55' lang='lat' dir='ltr'><strong>successionihum</strong></span> <span class='ocrx_word' id='word_1_165' title='bbox 1001 2828 1064 2887; x_wconf 91' lang='lat' dir='ltr'><strong>imo</strong></span> 
     </span>
     <span class='ocr_line' id='line_1_27' title="bbox 133 2919 1066 3002; baseline 0 -22"><span class='ocrx_word' id='word_1_166' title='bbox 133 2925 165 2990; x_wconf 87' lang='lat' dir='ltr'><strong>et</strong></span> <span class='ocrx_word' id='word_1_167' title='bbox 174 2919 248 3000; x_wconf 84' lang='lat' dir='ltr'><strong>jura</strong></span> <span class='ocrx_word' id='word_1_168' title='bbox 260 2923 456 3000; x_wconf 79' lang='lat' dir='ltr'><strong>agnoverunt</strong></span> <span class='ocrx_word' id='word_1_169' title='bbox 470 2919 576 2982; x_wconf 85' lang='lat' dir='ltr'><strong>favore</strong></span> <span class='ocrx_word' id='word_1_170' title='bbox 591 2923 738 2984; x_wconf 76' lang='lat' dir='ltr'><strong>Ecclesiae</strong></span> <span class='ocrx_word' id='word_1_171' title='bbox 754 2942 811 3002; x_wconf 90' lang='lat' dir='ltr'><strong>pro</strong></span> <span class='ocrx_word' id='word_1_172' title='bbox 826 2923 978 2982; x_wconf 84' lang='lat' dir='ltr'><strong>intestata</strong></span> <span class='ocrx_word' id='word_1_173' title='bbox 993 2937 1066 2980; x_wconf 87' lang='lat' dir='ltr'><strong>suo-</strong></span> 
     </span>
     <span class='ocr_line' id='line_1_28' title="bbox 133 3015 1063 3096; baseline -0.002 -18"><span class='ocrx_word' id='word_1_174' title='bbox 133 3016 273 3078; x_wconf 87' lang='lat' dir='ltr'><strong>cessione</strong></span> <span class='ocrx_word' id='word_1_175' title='bbox 293 3017 478 3078; x_wconf 84' lang='lat' dir='ltr'><strong>elericorum</strong></span> <span class='ocrx_word' id='word_1_176' title='bbox 499 3022 530 3079; x_wconf 92' lang='lat' dir='ltr'><strong>et</strong></span> <span class='ocrx_word' id='word_1_177' title='bbox 551 3019 795 3092; x_wconf 85' lang='lat' dir='ltr'><strong>monachorum,</strong></span> <span class='ocrx_word' id='word_1_178' title='bbox 821 3016 874 3096; x_wconf 92' lang='lat' dir='ltr'><strong>qui</strong></span> <span class='ocrx_word' id='word_1_179' title='bbox 896 3034 959 3076; x_wconf 92' lang='lat' dir='ltr'><strong>non</strong></span> <span class='ocrx_word' id='word_1_180' title='bbox 981 3015 1063 3076; x_wconf 85' lang='lat' dir='ltr'><strong>tacto</strong></span> 
     </span>
     <span class='ocr_line' id='line_1_29' title="bbox 133 3111 1064 3191; baseline -0.002 -19"><span class='ocrx_word' id='word_1_181' title='bbox 133 3115 319 3174; x_wconf 85' lang='lat' dir='ltr'><strong>testamento</strong></span> <span class='ocrx_word' id='word_1_182' title='bbox 334 3111 400 3172; x_wconf 91' lang='lat' dir='ltr'><strong>sinc</strong></span> <span class='ocrx_word' id='word_1_183' title='bbox 416 3113 594 3174; x_wconf 78' lang='lat' dir='ltr'><strong>haeredibus</strong></span> <span class='ocrx_word' id='word_1_184' title='bbox 606 3112 980 3191; x_wconf 88' lang='lat' dir='ltr'><strong>legitimisdecessissent.</strong></span> <span class='ocrx_word' id='word_1_185' title='bbox 998 3112 1064 3171; x_wconf 93' lang='lat' dir='ltr'><strong>lmc</strong></span> 
     </span>
     <span class='ocr_line' id='line_1_30' title="bbox 134 3206 1065 3288; baseline -0.004 -20"><span class='ocrx_word' id='word_1_186' title='bbox 134 3206 173 3268; x_wconf 91' lang='lat' dir='ltr'><strong>ad</strong></span> <span class='ocrx_word' id='word_1_187' title='bbox 194 3209 438 3288; x_wconf 83' lang='lat' dir='ltr'><strong>augendnmvel</strong></span> <span class='ocrx_word' id='word_1_188' title='bbox 456 3207 687 3288; x_wconf 89' lang='lat' dir='ltr'><strong>providendum</strong></span> <span class='ocrx_word' id='word_1_189' title='bbox 708 3208 931 3286; x_wconf 88' lang='lat' dir='ltr'><strong>patrimonium</strong></span> <span class='ocrx_word' id='word_1_190' title='bbox 955 3206 1065 3266; x_wconf 77' lang='lat' dir='ltr'><strong>Eccle-</strong></span> 
     </span>
     <span class='ocr_line' id='line_1_31' title="bbox 134 3302 1068 3382; baseline -0.001 -19"><span class='ocrx_word' id='word_1_191' title='bbox 134 3304 199 3380; x_wconf 77' lang='lat' dir='ltr'><strong>sia,</strong></span> <span class='ocrx_word' id='word_1_192' title='bbox 215 3309 247 3365; x_wconf 89' lang='lat' dir='ltr'><strong>et</strong></span> <span class='ocrx_word' id='word_1_193' title='bbox 266 3304 407 3365; x_wconf 91' lang='lat' dir='ltr'><strong>redditus</strong></span> <span class='ocrx_word' id='word_1_194' title='bbox 426 3302 631 3382; x_wconf 88' lang='lat' dir='ltr'><strong>municipales</strong></span> <span class='ocrx_word' id='word_1_195' title='bbox 650 3321 706 3382; x_wconf 91' lang='lat' dir='ltr'><strong>pro</strong></span> <span class='ocrx_word' id='word_1_196' title='bbox 727 3304 873 3364; x_wconf 73' lang='lat' dir='ltr'><strong>Ecclesiis</strong></span> <span class='ocrx_word' id='word_1_197' title='bbox 894 3303 1068 3363; x_wconf 88' lang='lat' dir='ltr'><strong>constituc-</strong></span> 
     </span>
     <span class='ocr_line' id='line_1_32' title="bbox 133 3399 1067 3479; baseline 0 -21"><span class='ocrx_word' id='word_1_198' title='bbox 133 3403 215 3474; x_wconf 89' lang='lat' dir='ltr'><strong>runt,</strong></span> <span class='ocrx_word' id='word_1_199' title='bbox 233 3405 265 3461; x_wconf 89' lang='lat' dir='ltr'><strong>ot</strong></span> <span class='ocrx_word' id='word_1_200' title='bbox 277 3400 418 3462; x_wconf 87' lang='lat' dir='ltr'><strong>redditus</strong></span> <span class='ocrx_word' id='word_1_201' title='bbox 432 3401 534 3461; x_wconf 90' lang='lat' dir='ltr'><strong>cultus</strong></span> <span class='ocrx_word' id='word_1_202' title='bbox 556 3399 671 3479; x_wconf 83' lang='lat' dir='ltr'><strong>pagani</strong></span> <span class='ocrx_word' id='word_1_203' title='bbox 697 3403 727 3460; x_wconf 89' lang='lat' dir='ltr'><strong>ct</strong></span> <span class='ocrx_word' id='word_1_204' title='bbox 746 3400 937 3478; x_wconf 88' lang='lat' dir='ltr'><strong>templorum</strong></span> <span class='ocrx_word' id='word_1_205' title='bbox 966 3399 1067 3478; x_wconf 83' lang='lat' dir='ltr'><strong>genti-</strong></span> 
     </span>
    </p>
   </div>
   <div class='ocr_carea' id='block_1_10' title="bbox 131 3493 967 3648">
    <p class='ocr_par' dir='ltr' id='par_1_14' title="bbox 131 3493 967 3648">
     <span class='ocr_line' id='line_1_33' title="bbox 131 3493 812 3568; baseline 0 -14"><span class='ocrx_word' id='word_1_206' title='bbox 131 3493 209 3554; x_wconf 90' lang='lat' dir='ltr'><strong>lium</strong></span> <span class='ocrx_word' id='word_1_207' title='bbox 221 3496 253 3554; x_wconf 92' lang='lat' dir='ltr'><strong>in</strong></span> <span class='ocrx_word' id='word_1_208' title='bbox 269 3513 343 3568; x_wconf 84' lang='lat' dir='ltr'><strong>usus</strong></span> <span class='ocrx_word' id='word_1_209' title='bbox 358 3496 584 3558; x_wconf 88' lang='lat' dir='ltr'><strong>ecclesiasticos</strong></span> <span class='ocrx_word' id='word_1_210' title='bbox 599 3497 812 3558; x_wconf 89' lang='lat' dir='ltr'><strong>contulerunt.</strong></span> 
     </span>
     <span class='ocr_line' id='line_1_34' title="bbox 245 3595 967 3648; baseline 0.003 -2"><span class='ocrx_word' id='word_1_211' title='bbox 245 3610 309 3648; x_wconf 84' lang='lat' dir='ltr'><strong>rou.</strong></span> <span class='ocrx_word' id='word_1_212' title='bbox 331 3611 362 3648; x_wconf 89' lang='lat' dir='ltr'><strong>n.</strong></span> <span class='ocrx_word' id='word_1_213' title='bbox 935 3595 967 3648; x_wconf 77' lang='lat' dir='ltr'><strong>tc</strong></span> 
     </span>
    </p>
   </div>
   <div class='ocr_carea' id='block_1_11' title="bbox 0 0 1277 4016">
    <p class='ocr_par' dir='ltr' id='par_1_15' title="bbox 0 0 1277 4016">
     <span class='ocr_line' id='line_1_35' title="bbox 0 0 1277 4016; baseline 0 0"><span class='ocrx_word' id='word_1_214' title='bbox 0 0 1277 4016; x_wconf 95' lang='lat' dir='ltr'><strong> </strong></span> 
     </span>
    </p>
   </div>
  </div>
 </body>
</html>
