2548 4020
396 255 435 302 nr
457 254 586 312 cessuro
606 255 689 304 runis
712 255 867 306 ceremur.
1038 245 1096 309 239

203 405 342 468 Secundi
356 405 481 485 generis
502 409 575 468 sunt
595 406 657 468 alia
675 405 916 470 sacramentalia
933 424 1003 486 quae
1023 408 1097 470 data

162 503 328 568 occasione
344 500 559 563 conferuntur.

202 601 235 659 3⁰
259 596 371 669 Quoad
398 595 560 677 subjectum
588 596 639 658 cui
660 597 843 658 immediate
866 597 1094 676 applicantur:

161 696 349 772 potestesse
364 691 566 771 velperscna
586 692 637 754 vel
657 709 719 769 res,
745 693 850 770 prouti
871 693 1044 756 consistunt
1063 696 1096 755 in

162 805 196 850 re
210 788 408 869 permanenti
422 788 473 850 vel
486 789 518 850 in
533 792 606 852 actu
620 789 807 852 transeunti.

201 889 233 946 4⁰
250 883 360 957 Quoad
374 882 461 962 finem
475 884 665 963 proximum,
683 883 734 945 hic
749 883 821 944 finis
836 888 893 962 est,
916 885 967 946 vel
981 885 1027 946 rei
1041 889 1096 949 aut
1127 959 1129 962 ¹

162 999 305 1062 persona
322 979 516 1042 consecratio
531 979 628 1041 sacris
642 984 674 1043 et
687 979 840 1060 religiosis
859 979 978 1056 usibuS,
994 981 1044 1042 vel
1062 987 1097 1043 ut

162 1075 338 1138 actionibus
352 1074 485 1156 alicujus
499 1093 641 1154 persenae
656 1076 706 1138 vel
721 1075 792 1138 usui
815 1075 948 1157 alicujus
963 1077 1008 1138 rei
1028 1079 1096 1138 tan-

160 1178 229 1232 tum
250 1170 449 1252 adjiciantur.
479 1170 574 1232 Primi
594 1171 719 1251 generis
738 1175 812 1234 sunt
832 1193 839 1234 ε
861 1172 985 1234 collatio
1010 1171 1095 1234 ordi-

161 1286 238 1328 num
265 1267 434 1343 minorum,
466 1272 549 1341 etc.;
579 1266 710 1328 secundi
735 1267 861 1346 generis
888 1283 962 1328 vero
990 1267 1095 1330 unctio

161 1367 286 1444 r'egum,
302 1361 480 1426 benedictio
500 1361 668 1438 ahbatum,
682 1362 862 1424 benedictio
877 1360 1015 1438 navium,
1033 1367 1092 1422 etc.

161 1553 173 1599 5
195 1549 230 1594 ΙΙ.
249 1549 282 1594 De
298 1549 493 1593 commercialibus
511 1553 609 1604 respecta
629 1551 701 1591 alatus
720 1560 782 1604 quem
800 1547 882 1592 tacent
898 1548 922 1591 ia
940 1547 1096 1594 Ecclesiastico

237 1619 364 1670 oeccaemia,
379 1619 457 1661 tamin
470 1617 550 1662 ardiae
563 1617 593 1661 cd
605 1617 678 1674 finan,
691 1621 736 1661 tam
744 1618 767 1660 a'a
777 1617 856 1662 ordine
865 1617 896 1662 ud
905 1631 1017 1674 perrenae.

199 1747 252 1810 ΙΙΙ.
268 1747 307 1808 El
321 1749 364 1822 l⁰-,
380 1745 413 1806 in
436 1743 546 1807 ordine
565 1746 606 1807 ad
625 1745 726 1826 ficem,
749 1748 941 1810 considerari
963 1755 1096 1828 possunt

159 1842 401 1906 sacramentalia
410 1842 461 1906 vel
470 1842 503 1902 in
513 1846 640 1922 genere,
652 1843 685 1902 in
695 1861 752 1906 suo
760 1848 930 1923 systemate
939 1845 1092 1925 generali,

159 1941 265 2020 quoad
281 1941 461 2002 universam
473 1937 656 2022 Ecclesiam,
673 1940 723 2001 vel
738 1940 862 2020 singula
875 1941 907 2001 in
923 1941 1033 2002 ordine
1053 1943 1094 2002 ad

158 2035 311 2117 singulos.

200 2132 265 2195 Sub
279 2129 381 2209 primo
392 2131 544 2210 adspectu
553 2129 794 2205 sacramentalia
807 2133 935 2194 servant
949 2131 1093 2193 ordinem

159 2227 353 2288 necessitatis
368 2227 400 2286 in
413 2227 520 2304 finem,
538 2244 608 2306 quea
623 2225 792 2286 necessitas
802 2225 1093 2288 hahetiundamen-

158 2327 226 2385 tum
241 2323 273 2383 in
288 2322 357 2402 ipsa
371 2321 510 2382 humana
523 2325 647 2397 natura,
674 2338 745 2401 quae
766 2319 792 2380 si
815 2338 872 2398 per
894 2319 1030 2381 visibilia
1052 2321 1092 2380 ab

158 2413 366 2484 invisibilibus
380 2419 592 2498 abstrabatur,
609 2425 682 2500 eget
696 2419 846 2482 continuo
861 2418 1036 2482 visibilibus
1046 2438 1093 2480 re·

158 2518 218 2579 bus
241 2521 275 2580 ut
297 2517 337 2578 ad
366 2516 535 2578 invisibilia
555 2521 730 2580 revocetur.
765 2519 888 2594 Quare,
920 2516 953 2576 in
976 2533 1092 2597 genere

158 2614 328 2696 loquendo,
343 2613 413 2693 ipsa
431 2613 503 2676 finis
517 2612 693 2674 sollicitudo
708 2616 800 2692 urget
814 2617 848 2675 ut
860 2613 1008 2694 generale
1025 2631 1093 2691 sys-

157 2717 244 2773 tema
258 2710 531 2774 sacramentalium
544 2709 577 2770 in
591 2709 731 2771 Ecclesia
744 2710 926 2791 recipiatur,
938 2716 973 2772 ut
985 2710 1030 2774 ita
1045 2711 1093 2772 ul-

158 2805 225 2868 timi
239 2804 310 2865 finis
325 2803 513 2866 assecutioni
528 2802 647 2864 consuli
661 2802 770 2881 possit.

199 2901 232 2965 Si
246 2919 320 2962 vero
331 2901 573 2982 considerentur
586 2899 711 2979 singula
726 2899 830 2980 quoad
850 2897 1001 2978 singulos,
1025 2899 1092 2959 nul-

158 2999 222 3059 lam
237 2997 275 3058 de
287 3015 320 3058 se
331 2995 449 3058 hahent
458 2995 687 3072 necessitatem,
699 2994 755 3054 sed
766 3010 915 3073 magnam
925 2992 1091 3054 utilitatem

157 3095 190 3154 in
205 3094 316 3156 ordine
329 3093 370 3154 ad
385 3091 455 3154 finis
465 3091 704 3152 assecutionem.
719 3088 781 3152 Sed
793 3107 863 3150 eam
873 3087 1091 3150 necessitatem

159 3207 255 3269 quam
269 3189 308 3250 de
323 3207 356 3252 se
371 3207 433 3250 non
448 3189 576 3263 habent,
594 3189 726 3265 possunt
739 3184 881 3263 recipere
892 3202 930 3244 cx
944 3183 1091 3244 Ecclesiae

157 3289 328 3366 praecepto.
346 3286 449 3357 Quare
463 3285 513 3345 vel
527 3283 667 3344 Ecclesia
688 3282 812 3343 illorum
828 3278 966 3340 usumin
986 3280 1091 3357 speeie

158 3402 220 3445 non
235 3381 388 3462 praecipit,
405 3385 437 3442 et
449 3383 524 3442 tune
538 3379 627 3441 utilia
640 3395 703 3440 non
718 3377 896 3440 necessaria
909 3379 983 3438 sunt
997 3377 1037 3438 ad
1054 3377 1087 3437 fi-

159 3497 241 3542 nem.
260 3481 293 3542 Si
307 3477 459 3558 precipit,
476 3495 514 3536 ex
527 3482 685 3555 praecepto
698 3475 751 3536 illo
767 3473 938 3556 quamdam
952 3475 1092 3536 necessi-
