2530 4016
164 300 221 360 aot
370 307 599 356 rusrrrorrouus
619 308 702 354 rums
725 307 879 355 cenoman.

202 454 301 535 Hujus
321 453 408 516 modi
431 453 607 515 institutum
634 451 835 533 conjunctum
854 469 926 515 cum
948 453 1092 520 instituto

162 554 232 617 vitae
256 550 432 614 communie
463 553 599 628 receptae
620 549 653 608 in
681 547 783 626 clero,
811 548 933 628 praebet
953 549 1093 630 aliquam
1130 559 1133 564 “

161 651 265 713 ideam
289 646 481 727 primitivam
508 645 711 725 collegiorum
735 647 766 706 et
787 645 1027 708 seminariorum
1049 648 1090 708 de

161 747 275 828 quihus
289 749 399 825 postea
411 743 590 822 loquemur.

200 841 323 903 Praebet
338 839 432 901 etiam
446 838 657 920 significatum
671 837 892 899 nonnullorum
915 837 1092 902 officiorum

161 942 192 1001 et
205 938 394 1018 dignitatum
414 954 470 997 sau
494 937 719 1015 personatuum
734 951 804 1014 quae
819 934 851 994 in
875 935 1020 1014 capitulis
1034 935 1092 997 da-

160 1033 406 1114 prehenduntur‚
419 1030 511 1111 juxta
525 1048 617 1092 suam
630 1031 770 1094 nativam
784 1031 1022 1095 institutionem.

199 1131 355 1190 Praeterea
369 1130 402 1189 et
415 1127 604 1189 Monasteria
617 1125 811 1190 Benedictini
827 1127 944 1198 ordinis
964 1129 1090 1192 scholas

158 1223 275 1304 passim
288 1223 467 1286 habuerunt
480 1223 512 1284 in
537 1222 651 1302 quibus
665 1224 756 1302 pueri
776 1223 1019 1299 erudiebantur;
1036 1244 1091 1287 va·

159 1339 229 1384 rum
250 1323 320 1384 aliae
340 1324 429 1383 erant
448 1320 564 1382 scholae
587 1321 757 1382 exteriores
779 1326 810 1384 ct
833 1323 991 1384 canonica
1017 1341 1088 1403 qua

158 1419 308 1498 patebant
336 1417 456 1480 clericis
479 1415 710 1490 saecularibus;
741 1417 809 1478 aliae
838 1416 1002 1480 interiores
1032 1438 1089 1481 seu

158 1513 339 1575 claustrales
366 1513 398 1584 in
426 1513 540 1592 quibus
568 1512 714 1575 Mouaohi
732 1515 764 1574 et
783 1513 874 1593 pueri
897 1516 1087 1578 monasterio

157 1607 254 1670 oblati
274 1609 490 1672 servabantur.
507 1610 542 1670 In
556 1606 605 1669 his
619 1608 823 1671 saecularibus
845 1609 966 1672 clericis
981 1610 1084 1674 nullus

158 1707 225 1766 erat
238 1704 336 1766 locus.

443 1824 450 1838 ’
514 1850 548 1896 11.
561 1852 726 1898 universate..
780 1864 784 1872 ·

194 1982 233 2042 X.
250 1979 312 2041 Sed
327 1996 399 2041 cnm
412 1978 560 2042 barbaria
573 1978 681 2042 saculi
694 1995 714 2040 x
728 1995 845 2060 magna
860 1983 1000 2060 exparte
1015 2000 1087 2044 vas-

152 2079 225 2140 tatae
240 2079 344 2138 essent
363 2074 543 2155 hujusmodi
571 2073 698 2153 scholae,
715 2092 786 2155 quae
808 2074 996 2156 adjacebant
1019 2077 1084 2139 sive

153 2173 386 2238 cathedralibus
409 2173 476 2236 sive
496 2172 713 2251 monasteriis,
731 2173 884 2236 maximus
908 2173 1084 2237 studiorum

152 2287 247 2332 causa
260 2286 430 2331 concursus
451 2269 551 2331 tactus
566 2272 613 2332 est
630 2269 663 2331 in
679 2287 731 2331 aas
753 2268 897 2332 civitates
915 2269 948 2331 in
969 2269 1082 2349 quihus

151 2385 223 2428 cum
237 2366 346 2446 optimi
359 2365 512 2446 magistri,
523 2373 591 2429 tum
602 2367 745 2448 plurimae
755 2385 845 2448 mque
860 2367 1081 2431 diversissimae

151 2463 288 2526 scientiae
303 2464 461 2544 florerent.

190 2559 236 2618 Ex
254 2557 423 2619 humilibus
449 2557 563 2621 scholis
590 2556 816 2637 capitularibus
840 2559 872 2618 et
901 2557 1082 2621 monasticis

149 2654 212 2714 duo
233 2652 437 2714 celeberrima
464 2654 631 2734 gymnasia
651 2653 826 2716 studiorum
848 2659 918 2716 orta
936 2657 1010 2718 sunt
1023 2655 1082 2718 sub

148 2748 243 2810 initiis
257 2748 491 2810 restaurationis
514 2751 670 2812 bonarum
689 2750 805 2814 artium
828 2753 859 2814 ct
880 2751 1082 2815 scientiarum

148 2841 262 2905 saeculo
278 2858 331 2904 uu.
349 2845 488 2907 Fuerunt
509 2849 614 2907 autem
636 2845 833 2916 Bononiense
855 2848 887 2909 et
905 2847 1080 2923 Parisieuse

148 2939 328 3001 atheneum.
349 2937 491 3002 Alterum
508 2940 763 3020 jurisprudentiae
789 2945 856 3004 tum
880 2941 989 3019 civilis,
1011 2948 1080 3004 tum

147 3034 317 3112 canonica,
339 3035 472 3099 alterum
493 3036 660 3118 theologiae
681 3018 875 3100 scholasticae
889 3036 1001 3100 studiis
1017 3037 1081 3116 pri-

145 3131 240 3192 mitns
258 3131 437 3206 addictum3
454 3133 545 3213 lapsu
565 3133 716 3213 temporis
738 3133 780 3194 ad
794 3131 871 3194 alias
892 3133 958 3196 siva
979 3132 1079 3195 bona-

144 3242 214 3284 rum
229 3217 344 3287 artium
358 3225 423 3288 sive
438 3226 639 3290 scientiarum
653 3226 832 3306 disciplinas
846 3245 914 3288 sese
925 3227 1075 3305 extendit,

144 3319 245 3380 donec
267 3324 435 3403 utrumqne
460 3322 545 3386 velut
569 3323 733 3404 omnigeno
758 3322 943 3386 eruditionis
970 3341 1077 3406 empo-

142 3415 225 3474 rium
239 3415 386 3480 extitarit.
403 3420 477 3480 Haec
496 3419 623 3482 luerunt
636 3435 732 3482 causa
745 3437 843 3500 quare
858 3418 973 3505 scholae
988 3420 1076 3499 capi·

143 3507 260 3570 talares
275 3511 306 3570 at
320 3511 500 3577 monastica
515 3531 586 3594 quea
601 3515 641 3579 oh
655 3518 873 3580 anteactorum
886 3513 1076 3578 saeculorum
