2548 4020
380 277 419 320 nn
440 275 568 323 omnum
588 277 670 322 rums
692 277 847 326 cruorum.
1019 269 1078 329 235

150 419 282 500 conjuge
295 418 328 479 in
350 437 407 480 sua
426 418 626 493 infidelitate3
651 421 735 500 quod
756 421 851 484 hodie
873 424 967 486 etiem
987 425 1020 487 in
1042 446 1079 490 eo

150 537 223 579 casn
237 519 431 596 preceptum
446 519 503 594 est,
527 535 589 596 quo
607 517 744 578 infidelis
763 518 878 598 conjux
898 521 1079 585 cohabitare

149 614 243 675 vellet
261 611 388 692 conjugi
408 611 505 688 fideli,
528 612 623 674 etiam
642 612 710 672 sine
729 613 845 692 injuria
859 615 1025 693 Creatoris,
1049 623 1081 681 et

149 711 215 770 sine
237 703 419 770 inductione
442 708 482 768 ad
506 711 671 786 peccatum
694 725 802 788 grave,
828 715 883 773 aut
906 711 1080 790 periculum

148 806 260 866 saltem
274 803 476 880 seductionis,
492 805 557 866 sive
573 804 686 864 deinde
701 803 761 866 hoo
776 807 877 869 subsit
897 825 934 868 ex
952 810 1081 887 propria

147 901 327 982 fragilitate,
339 901 405 962 sive
415 919 453 961 ex
463 897 582 962 malitia
590 901 735 979 infidelis,
748 903 939 966 eoncedente
949 906 1080 966 Domino

148 999 230 1060 hanc
243 997 434 1060 matrimonii
449 997 686 1060 dissolutionem
700 999 733 1058 in
748 999 889 1061 lavarem
903 1002 988 1064 fidei.
1007 1005 1081 1063 Pro-

147 1097 282 1158 babilius
297 1099 412 1158 tamen
434 1099 490 1173 est,
513 1097 599 1176 quod
620 1097 855 1159 matrimonium
876 1100 908 1160 in
928 1101 983 1162 tali
1005 1119 1079 1163 casu

147 1194 249 1254 fidelis
271 1193 376 1256 taliter
398 1194 541 1255 conversi
561 1211 633 1254 cum
659 1193 776 1254 infideli
802 1212 865 1255 non
892 1193 1081 1258 dissolvatur

146 1291 215 1372 ipso
227 1291 309 1372 jure,
326 1309 383 1371 per
397 1291 496 1354 solam
512 1291 769 1365 conversionem,
785 1291 841 1352 sed
854 1295 923 1352 tum
938 1293 1077 1370 demum,

147 1387 276 1468 quando
290 1405 460 1451 conversus
475 1386 560 1447 aliud
580 1386 814 1448 matrimonium
836 1387 935 1466 inivit,
960 1390 1080 1468 quiesi

147 1485 224 1546 velit
237 1484 345 1546 relicte
360 1484 392 1545 in
406 1503 464 1546 sua
476 1483 661 1544 infidelitate
676 1502 756 1545 uxor
769 1503 800 1544 v.
817 1503 849 1564 g.
866 1487 957 1565 sequi
971 1490 1082 1565 postea

147 1581 308 1658 meritum,
326 1585 357 1643 et
370 1581 411 1642 ad
424 1580 520 1641 tidem
534 1579 630 1642 etiam
651 1580 803 1656 converti,
826 1581 877 1642 vel
897 1581 1009 1644 saltem
1030 1601 1083 1644 cc·

148 1676 292 1739 habitare
305 1677 351 1738 illi
364 1678 431 1737 sine
444 1675 561 1757 injuria
575 1675 742 1752 creatoris,
764 1681 795 1738 et
813 1676 879 1738 sine
899 1677 1082 1740 inductione

148 1770 189 1831 ad
199 1775 371 1849 ¹peecatum
385 1771 529 1846 mortale,
544 1773 670 1832 tenetur
684 1788 755 1831 eam
769 1771 870 1831 fidelis
891 1772 1033 1848 maritus,
1054 1773 1080 1832 si

148 1865 291 1928 nondum
305 1866 381 1927 alias
397 1867 521 1945 nuptias
536 1866 701 1942 contraxit,
717 1866 870 1945 recipere,
880 1868 913 1927 in
924 1867 1080 1946 baptismo

25 2023 26 2026 ,
149 1962 234 2022 enim
248 1979 312 2022 non
325 1959 483 2042 conjugia,
499 1960 554 2021 sed
569 1960 701 2020 crimina
715 1960 890 2022 solvuntur.

188 2061 277 2120 lixo.
293 2058 467 2138 gaudemus
480 2061 511 2134 8,
528 2057 560 2118 h.
576 2061 600 2118 t.
618 2056 772 2117 habemus
786 2056 900 2134 primo,
917 2057 1001 2136 quod
1011 2057 1082 2118 infi-

149 2152 236 2214 deles
249 2151 283 2212 in
301 2151 452 2232 gradibus
470 2170 490 2212 a
507 2150 580 2231 jure
601 2149 751 2211 canonico
772 2154 895 2212 tantum
917 2152 1081 2230 prohibitis

148 2246 420 2310 matrimonialiter
434 2247 604 2328 conjuncti,
622 2263 684 2307 non
700 2243 837 2307 debeant
856 2239 876 2306 e
893 2263 927 2306 se
945 2246 1082 2308 invicem

149 2343 302 2422 separari,
319 2343 345 2403 si
358 2343 560 2422 postmodum
581 2341 621 2403 ad
640 2341 737 2403 fidem
755 2345 989 2418 convertantur,
1010 2359 1082 2402 cunr

148 2438 194 2499 illi
207 2439 240 2499 in
255 2456 313 2500 sna
326 2439 510 2522 infidelitate
525 2437 683 2501 constituti
698 2438 836 2517 legitime
856 2437 1079 2514 contraxerint,
1123 2447 1126 2454 '

149 2535 235 2597 nullo
249 2536 474 2614 impedimento
488 2553 566 2614 pure
582 2535 733 2596 cenonico
753 2553 862 2596 eorum
881 2535 1084 2598 matrimonia

150 2630 328 2708 dirimente,
341 2649 379 2693 eo
390 2630 475 2710 quod
485 2630 625 2692 Ecclesia
633 2630 790 2692 nullamin
804 2631 875 2692 illos
890 2632 1007 2694 hebeat
1016 2634 1084 2692 tum

150 2726 301 2804 temporis
312 2725 574 2806 jurisdictionem,
591 2730 623 2788 et
637 2745 746 2788 eorum
760 2728 792 2787 in
811 2727 995 2791 infidelitate
1011 2745 1083 2789 con-

150 2826 252 2885 tracta
265 2824 475 2899 matrimonia,
491 2823 690 2883 verissimum
700 2823 755 2886 fiat
769 2827 1013 2899 sacramentum,
1028 2841 1084 2900 per

151 2916 342 2996 baptismum
361 2917 402 2978 ab
414 2916 476 2976 illis
493 2922 683 2994 susceptum,
702 2916 846 2996 quamvis
863 2915 967 2975 nullus
983 2932 1084 2974 novus

152 3031 318 3092 expressus
332 3030 503 3075 consensus
517 3013 549 3072 in
560 3013 620 3074 hoc
630 3014 866 3072 sacramentum
881 3007 1080 3070 interveniat.

193 3106 339 3168 Secundo
354 3107 506 3168 habemus
522 3125 560 3166 ex
578 3107 630 3167 cit.
652 3124 678 3165 c.
703 3103 889 3184 gaudemus,
913 3100 998 3181 quod
1016 3101 1084 3160 infi-

153 3202 240 3264 deles
254 3203 295 3264 ad
309 3202 405 3263 fidem
419 3202 579 3277 conversi,
595 3201 622 3262 si
636 3201 741 3278 plures
756 3198 842 3277 prius
857 3198 888 3258 in
903 3216 961 3258 sua
975 3196 1085 3257 infide-

153 3299 240 3362 litate
267 3299 435 3363 habuerint
457 3317 586 3375 uxores,
611 3298 721 3376 primm
746 3295 910 3357 adhaerere
934 3295 1082 3370 debeant,

154 3395 289 3456 dimissis
304 3396 384 3472 aliis,
401 3395 476 3476 quia
495 3395 573 3456 nulli
594 3409 735 3473 unquam
755 3391 844 3454 licuit
865 3391 971 3471 plures
991 3393 1085 3454 simul

154 3493 273 3554 habere
294 3510 419 3570 uxorea,
441 3491 510 3568 nisi,
528 3479 584 3552 'oni
605 3490 712 3552 divina
732 3489 924 3552 revelatione
946 3490 1006 3551 hoe
1027 3487 1086 3549 fuit
