2530 4016
396 221 435 306 nn
457 258 584 306 omisero
605 259 687 304 sums
710 257 865 306 canorum.
1040 247 1095 306 341

169 413 248 474 duos
262 412 306 470 ita
320 406 469 486 distingui
484 404 629 465 videatur
643 407 678 463 ut
692 421 788 481 penes
802 420 900 464 unum
923 401 1011 464 fundi
1026 423 1099 483 pro-

167 506 285 584 prietas
300 503 420 563 directa
433 504 606 588 remaneat,
624 497 715 559 alteri
728 496 903 577 proprietas
918 497 1001 559 utilis
1010 497 1098 559 tundi

169 596 361 676 acquiratur.
387 594 477 654 Prior
500 591 645 652 dominus
670 589 884 669 emphyteusis
908 589 1021 651 dieitur
1045 592 1099 653 do-

168 695 270 754 minus
286 691 433 767 directus,
450 689 530 752 alter
543 688 688 750 dominus
703 686 797 748 utilis.
904 747 906 752 ,
1164 761 1167 768 Ι

208 790 263 849 Est
277 792 383 849 autem
397 787 575 846 contractus
590 783 814 862 emphyteusis,
833 785 1011 845 contractus
1026 802 1100 844 con-

170 884 321 946 sensualis
345 901 405 963 quo
430 882 505 943 utile
527 880 700 941 dominium
727 881 773 942 rei
801 880 968 942 immobilis
989 879 1041 940 vel
1067 881 1100 940 in

168 983 355 1062 perpetuum
382 977 432 1039 vel
460 975 500 1038 ad
528 976 746 1056 longissimum
773 979 896 1056 tempus
925 995 981 1054 pro
1013 982 1098 1036 certo

83 1141 86 1146 .
169 1079 408 1142 annuo‘canone
422 1076 454 1136 in
470 1075 663 1155 agnitionem
686 1075 806 1136 domini
816 1075 1002 1154 ‚praestando
1025 1092 1100 1136 con-

170 1176 306 1328 oeibirro
334 1283 406 1326 cum
433 1282 491 1342 per
525 1262 706 1343 hujusmodi
740 1266 936 1324 contractum
971 1265 1100 1327 cedatur

169 1381 275 1426 rerum
290 1357 584 1438 domininmaliquo
600 1358 705 1434 modo,
724 1361 755 1420 et
769 1357 821 1418 hio
835 1358 906 1420 iniri
921 1377 984 1420 non
997 1364 1101 1439 potest

169 1459 208 1520 de
223 1456 313 1518 bonis
328 1453 555 1529 ecclesiasticis,
572 1453 632 1512 nisi
640 1452 788 1532 legitimis
798 1452 911 1529 causis,
928 1455 1101 1515 etservatis

169 1551 419 1614 solemnitatibus
432 1549 464 1608 in
489 1548 676 1610 alienatione
697 1548 854 1609 bonorum
878 1548 1101 1622 ecclesiastieo-

169 1664 241 1709 rum
254 1643 427 1719 servandis,
445 1643 528 1702 inter
552 1659 629 1720 quas
644 1640 802 1720 praecipue
821 1643 993 1705 attenditur
1005 1642 1102 1704 bene-

169 1741 320 1821 placitum
346 1738 429 1800 sedis
453 1737 643 1816 apostolica,
667 1738 751 1817 quod
775 1737 865 1799 facile
890 1755 998 1799 omnes
1025 1738 1103 1800 alias

170 1835 385 1900 solemnitates
420 1833 568 1914 supponit
601 1833 651 1894 rel
689 1834 830 1896 includit.
867 1835 1102 1915 Beneplacitnm
1183 1883 1186 1888 .

170 1935 278 1995 autem
291 1928 497 2010 apostolieum
512 1928 591 1989 solet
614 1926 708 1988 etiam
730 1926 886 2006 praefinire
908 1927 1103 2000 conditiones

171 2035 203 2090 et
219 2029 313 2107 pacta
336 2026 450 2106 quibus
474 2026 651 2086 contractus
674 2023 830 2083 ineundus
855 2025 913 2094 est,
939 2039 1038 2102 eaque
1062 2022 1104 2083 ad

170 2123 377 2187 substantiam
391 2125 421 2184 et
435 2121 571 2182 formam
585 2121 764 2181 contractus
777 2118 823 2180 ita
844 2117 1002 2198 pertinent
1020 2122 1055 2180 ut
1077 2117 1104 2178 si

171 2238 233 2282 non
248 2217 475 2294 custodiantur,
491 2218 671 2278 contractus
690 2216 769 2294 ipse,
790 2218 942 2294 tanquam
960 2232 1024 2276 non
1038 2232 1105 2274 ser-

170 2323 244 2379 vata
265 2315 406 2394 Legitima
428 2313 530 2374 forma
550 2311 693 2391 ejusdem
717 2311 919 2398 beneplaciti,
940 2310 1012 2392 jure
1034 2311 1102 2388 ipso

171 2430 234 2474 non
250 2409 409 2472 consistat.
426 2410 577 2489 Spectant
590 2425 665 2468 vero
681 2408 749 2469 haec
764 2407 977 2469 conditiones:

212 2512 243 2569 1⁰
257 2506 402 2569 Cononem
426 2505 466 2566 ab
489 2505 695 2584 emphyteuta
717 2503 847 2583 singulis
872 2504 963 2564 annis
984 2503 1105 2564 solven-

172 2606 258 2679 dum,
275 2601 330 2682 qui
343 2604 470 2663 laxatur
483 2601 604 2660 ratione
628 2599 737 2662 habita
759 2599 929 2675 fructuum,
953 2615 1104 2678 expensa-

172 2707 243 2762 rum
258 2702 290 2760 et
303 2713 445 2760 onerum.
463 2696 580 2776 Siquis
594 2696 678 2757 hunc
698 2711 852 2758 canonem
865 2715 923 2776 per
934 2695 1104 2757 triennium
1170 2741 1175 2750 .

172 2796 204 2856 in
219 2793 416 2874 emphyteusi
434 2791 547 2868 laicali,
563 2793 613 2853 vel
628 2809 685 2870 per
704 2791 867 2854 biennium
887 2793 919 2852 in
944 2789 1104 2852 ecclesias-

171 2890 234 2952 tica
253 2907 315 2949 non
334 2886 472 2964 solverit,
484 2885 557 2966 jure
572 2903 629 2948 suo
645 2885 739 2961 cadit,
755 2887 829 2946 licet
849 2901 912 2945 non
932 2883 1029 2962 possit
1051 2883 1105 2942 do-

173 2984 276 3045 minus
291 2983 428 3045 directus
442 2983 570 3063 propria
584 2983 768 3044 auctoritate
780 2977 1106 3058 possessionemluudi
1139 3058 1141 3062 ι

173 3081 323 3159 arripere,
341 3069 396 3139 sed
411 3078 456 3139 uti
471 3079 565 3139 debet
575 3076 690 3156 judicis
705 3076 892 3149 ministerio;
911 3078 941 3137 et
956 3073 996 3135 ad
1011 3072 1104 3153 aequi·

173 3180 271 3240 tatem
285 3176 469 3237 conceditur
475 3174 546 3255 jure
558 3173 708 3234 canonico
719 3172 931 3251 emphyteuta
942 3187 1105 3249 quousque

174 3271 305 3333 afundo
321 3271 457 3333 dimotus
471 3287 534 3331 non
549 3268 654 3343 fuerit,
666 3267 719 3347 jus
734 3267 889 3347 purgandi
908 3284 1031 3326 moram
1050 3284 1106 3343 per

175 3369 366 3431 ablationem
379 3364 538 3447 pensionis
553 3383 650 3445 quam
664 3363 827 3441 distulerat
837 3369 868 3427 et
878 3381 973 3446 quam
982 3381 1106 3441 semper

175 3463 271 3526 debet
285 3480 447 3544 quousque
462 3460 578 3523 fundus
592 3479 656 3523 non
666 3462 784 3539 pereat.
816 3477 819 3482 ·
