<?xml version="1.0" encoding="UTF-8"?>
<!DOCTYPE html PUBLIC "-//W3C//DTD XHTML 1.0 Transitional//EN"
    "http://www.w3.org/TR/xhtml1/DTD/xhtml1-transitional.dtd">
<html xmlns="http://www.w3.org/1999/xhtml" xml:lang="en" lang="en">
 <head>
  <title>
</title>
<meta http-equiv="Content-Type" content="text/html;charset=utf-8" />
  <meta name='ocr-system' content='tesseract 3.04.00' />
  <meta name='ocr-capabilities' content='ocr_page ocr_carea ocr_par ocr_line ocrx_word'/>
</head>
<body>
  <div class='ocr_page' id='page_1' title='image "./institutionesju00marigoog_0151.png"; bbox 0 0 2504 4024; ppageno 0'>
   <div class='ocr_carea' id='block_1_1' title="bbox 159 271 874 329">
    <p class='ocr_par' dir='ltr' id='par_1_1' title="bbox 159 271 874 329">
     <span class='ocr_line' id='line_1_1' title="bbox 159 271 874 329; baseline -0.004 0"><span class='ocrx_word' id='word_1_1' title='bbox 159 271 215 329; x_wconf 75' lang='lat' dir='ltr'><strong>tlt</strong></span> <span class='ocrx_word' id='word_1_2' title='bbox 368 281 593 328; x_wconf 81' lang='lat' dir='ltr'><strong>msrircrrouns</strong></span> <span class='ocrx_word' id='word_1_3' title='bbox 614 280 696 326; x_wconf 80' lang='lat' dir='ltr'><strong>runis</strong></span> <span class='ocrx_word' id='word_1_4' title='bbox 720 279 874 328; x_wconf 76' lang='lat' dir='ltr'><strong>carorum.</strong></span> 
     </span>
    </p>
   </div>
   <div class='ocr_carea' id='block_1_2' title="bbox 148 426 1192 3550">
    <p class='ocr_par' dir='ltr' id='par_1_2' title="bbox 157 426 1142 696">
     <span class='ocr_line' id='line_1_2' title="bbox 157 426 1088 506; baseline 0 -16"><span class='ocrx_word' id='word_1_5' title='bbox 157 430 305 490; x_wconf 87' lang='lat' dir='ltr'><strong>lationem</strong></span> <span class='ocrx_word' id='word_1_6' title='bbox 319 427 359 488; x_wconf 88' lang='lat' dir='ltr'><strong>ad</strong></span> <span class='ocrx_word' id='word_1_7' title='bbox 370 426 595 506; x_wconf 88' lang='lat' dir='ltr'><strong>juramentum,</strong></span> <span class='ocrx_word' id='word_1_8' title='bbox 612 430 648 488; x_wconf 88' lang='lat' dir='ltr'><strong>ut</strong></span> <span class='ocrx_word' id='word_1_9' title='bbox 661 427 741 489; x_wconf 90' lang='lat' dir='ltr'><strong>sicut</strong></span> <span class='ocrx_word' id='word_1_10' title='bbox 755 426 896 488; x_wconf 73' lang='lat' dir='ltr'><strong>Ecclesia</strong></span> <span class='ocrx_word' id='word_1_11' title='bbox 914 435 962 489; x_wconf 91' lang='lat' dir='ltr'><strong>est</strong></span> <span class='ocrx_word' id='word_1_12' title='bbox 980 445 1088 490; x_wconf 89' lang='lat' dir='ltr'><strong>sacra-</strong></span> 
     </span>
     <span class='ocr_line' id='line_1_3' title="bbox 158 522 1142 603; baseline -0.001 -18"><span class='ocrx_word' id='word_1_13' title='bbox 158 527 335 585; x_wconf 89' lang='lat' dir='ltr'><strong>mentorum</strong></span> <span class='ocrx_word' id='word_1_14' title='bbox 352 524 474 602; x_wconf 88' lang='lat' dir='ltr'><strong>praxim</strong></span> <span class='ocrx_word' id='word_1_15' title='bbox 495 523 683 603; x_wconf 79' lang='lat' dir='ltr'><strong>gubernare,</strong></span> <span class='ocrx_word' id='word_1_16' title='bbox 704 522 749 584; x_wconf 86' lang='lat' dir='ltr'><strong>ita</strong></span> <span class='ocrx_word' id='word_1_17' title='bbox 767 526 800 585; x_wconf 91' lang='lat' dir='ltr'><strong>et</strong></span> <span class='ocrx_word' id='word_1_18' title='bbox 818 523 892 584; x_wconf 89' lang='lat' dir='ltr'><strong>huic</strong></span> <span class='ocrx_word' id='word_1_19' title='bbox 910 527 1089 587; x_wconf 86' lang='lat' dir='ltr'><strong>contractui</strong></span> <span class='ocrx_word' id='word_1_20' title='bbox 1135 548 1142 559; x_wconf 93' lang='lat'>·</span> 
     </span>
     <span class='ocr_line' id='line_1_4' title="bbox 157 635 304 696; baseline 0.007 -19"><span class='ocrx_word' id='word_1_21' title='bbox 157 635 304 696; x_wconf 78' lang='lat' dir='ltr'><strong>praesse.</strong></span> 
     </span>
    </p>

    <p class='ocr_par' dir='ltr' id='par_1_3' title="bbox 156 704 1089 1643">
     <span class='ocr_line' id='line_1_5' title="bbox 197 704 1088 789; baseline 0.002 -19"><span class='ocrx_word' id='word_1_22' title='bbox 197 711 251 771; x_wconf 90' lang='lat' dir='ltr'><strong>His</strong></span> <span class='ocrx_word' id='word_1_23' title='bbox 266 709 426 789; x_wconf 78' lang='lat' dir='ltr'><strong>principiis</strong></span> <span class='ocrx_word' id='word_1_24' title='bbox 439 707 557 783; x_wconf 89' lang='lat' dir='ltr'><strong>innixa,</strong></span> <span class='ocrx_word' id='word_1_25' title='bbox 574 705 714 770; x_wconf 76' lang='lat' dir='ltr'>Ecclesia</span> <span class='ocrx_word' id='word_1_26' title='bbox 727 704 767 766; x_wconf 89' lang='lat' dir='ltr'><strong>de</strong></span> <span class='ocrx_word' id='word_1_27' title='bbox 781 724 816 767; x_wconf 82' lang='lat' dir='ltr'><strong>re</strong></span> <span class='ocrx_word' id='word_1_28' title='bbox 830 725 888 768; x_wconf 89' lang='lat' dir='ltr'><strong>sua</strong></span> <span class='ocrx_word' id='word_1_29' title='bbox 908 725 975 770; x_wconf 88' lang='lat' dir='ltr'><strong>esse</strong></span> <span class='ocrx_word' id='word_1_30' title='bbox 995 714 1088 787; x_wconf 88' lang='lat' dir='ltr'><strong>puta-</strong></span> 
     </span>
     <span class='ocr_line' id='line_1_6' title="bbox 157 800 1088 882; baseline 0 -18"><span class='ocrx_word' id='word_1_31' title='bbox 157 803 213 878; x_wconf 83' lang='lat' dir='ltr'><strong>vit,</strong></span> <span class='ocrx_word' id='word_1_32' title='bbox 229 806 263 864; x_wconf 95' lang='lat' dir='ltr'><strong>ut</strong></span> <span class='ocrx_word' id='word_1_33' title='bbox 278 801 524 864; x_wconf 86' lang='lat' dir='ltr'><strong>Christianorum</strong></span> <span class='ocrx_word' id='word_1_34' title='bbox 543 800 745 862; x_wconf 88' lang='lat' dir='ltr'><strong>matrimonia</strong></span> <span class='ocrx_word' id='word_1_35' title='bbox 766 800 995 880; x_wconf 79' lang='lat' dir='ltr'><strong>moderaretur,</strong></span> <span class='ocrx_word' id='word_1_36' title='bbox 1017 803 1088 882; x_wconf 86' lang='lat' dir='ltr'><strong>jam</strong></span> 
     </span>
     <span class='ocr_line' id='line_1_7' title="bbox 157 894 1087 977; baseline 0.001 -18"><span class='ocrx_word' id='word_1_37' title='bbox 157 899 230 960; x_wconf 90' lang='lat' dir='ltr'><strong>hinc</strong></span> <span class='ocrx_word' id='word_1_38' title='bbox 245 898 285 958; x_wconf 90' lang='lat' dir='ltr'><strong>ab</strong></span> <span class='ocrx_word' id='word_1_39' title='bbox 300 915 336 959; x_wconf 91' lang='lat' dir='ltr'><strong>eo</strong></span> <span class='ocrx_word' id='word_1_40' title='bbox 351 900 504 975; x_wconf 88' lang='lat' dir='ltr'><strong>tempore,</strong></span> <span class='ocrx_word' id='word_1_41' title='bbox 520 894 647 974; x_wconf 86' lang='lat' dir='ltr'><strong>quando</strong></span> <span class='ocrx_word' id='word_1_42' title='bbox 661 895 720 956; x_wconf 92' lang='lat' dir='ltr'><strong>suh</strong></span> <span class='ocrx_word' id='word_1_43' title='bbox 734 897 962 975; x_wconf 71' lang='lat' dir='ltr'><strong>persecutionis</strong></span> <span class='ocrx_word' id='word_1_44' title='bbox 980 899 1087 977; x_wconf 80' lang='lat' dir='ltr'><strong>gladio</strong></span> 
     </span>
     <span class='ocr_line' id='line_1_8' title="bbox 158 990 1088 1071; baseline -0.001 -18"><span class='ocrx_word' id='word_1_45' title='bbox 158 993 385 1069; x_wconf 86' lang='lat' dir='ltr'><strong>afflictabatur,</strong></span> <span class='ocrx_word' id='word_1_46' title='bbox 410 991 554 1051; x_wconf 87' lang='lat' dir='ltr'><strong>muniens</strong></span> <span class='ocrx_word' id='word_1_47' title='bbox 579 990 731 1052; x_wconf 86' lang='lat' dir='ltr'><strong>canonica</strong></span> <span class='ocrx_word' id='word_1_48' title='bbox 753 991 913 1053; x_wconf 76' lang='lat' dir='ltr'><strong>sanctione</strong></span> <span class='ocrx_word' id='word_1_49' title='bbox 935 991 1036 1071; x_wconf 83' lang='lat' dir='ltr'><strong>leges,</strong></span> <span class='ocrx_word' id='word_1_50' title='bbox 1060 994 1088 1053; x_wconf 92' lang='lat' dir='ltr'><strong>si</strong></span> 
     </span>
     <span class='ocr_line' id='line_1_9' title="bbox 158 1085 1087 1167; baseline 0.002 -19"><span class='ocrx_word' id='word_1_51' title='bbox 158 1087 283 1167; x_wconf 90' lang='lat' dir='ltr'><strong>quando</strong></span> <span class='ocrx_word' id='word_1_52' title='bbox 302 1087 400 1148; x_wconf 89' lang='lat' dir='ltr'><strong>civilis</strong></span> <span class='ocrx_word' id='word_1_53' title='bbox 421 1086 540 1146; x_wconf 90' lang='lat' dir='ltr'><strong>sanctio</strong></span> <span class='ocrx_word' id='word_1_54' title='bbox 560 1085 621 1146; x_wconf 92' lang='lat' dir='ltr'><strong>illis</strong></span> <span class='ocrx_word' id='word_1_55' title='bbox 641 1102 704 1146; x_wconf 92' lang='lat' dir='ltr'><strong>non</strong></span> <span class='ocrx_word' id='word_1_56' title='bbox 725 1086 996 1164; x_wconf 75' lang='lat' dir='ltr'><strong>suppeditabatur.</strong></span> <span class='ocrx_word' id='word_1_57' title='bbox 1022 1089 1087 1150; x_wconf 89' lang='lat' dir='ltr'><strong>Sed</strong></span> 
     </span>
     <span class='ocr_line' id='line_1_10' title="bbox 156 1180 1088 1262; baseline -0.002 -18"><span class='ocrx_word' id='word_1_58' title='bbox 156 1189 324 1262; x_wconf 85' lang='lat' dir='ltr'><strong>postquam</strong></span> <span class='ocrx_word' id='word_1_59' title='bbox 337 1182 395 1262; x_wconf 87' lang='lat' dir='ltr'><strong>ipsi</strong></span> <span class='ocrx_word' id='word_1_60' title='bbox 410 1181 567 1261; x_wconf 88' lang='lat' dir='ltr'><strong>principes</strong></span> <span class='ocrx_word' id='word_1_61' title='bbox 586 1180 692 1240; x_wconf 78' lang='lat' dir='ltr'><strong>saculi</strong></span> <span class='ocrx_word' id='word_1_62' title='bbox 712 1180 885 1242; x_wconf 78' lang='lat' dir='ltr'><strong>Ecclesiam</strong></span> <span class='ocrx_word' id='word_1_63' title='bbox 903 1182 1000 1243; x_wconf 88' lang='lat' dir='ltr'><strong>veluti</strong></span> <span class='ocrx_word' id='word_1_64' title='bbox 1017 1180 1088 1242; x_wconf 83' lang='lat' dir='ltr'><strong>ma-</strong></span> 
     </span>
     <span class='ocr_line' id='line_1_11' title="bbox 156 1275 1087 1356; baseline 0 -18"><span class='ocrx_word' id='word_1_65' title='bbox 156 1285 238 1338; x_wconf 90' lang='lat' dir='ltr'><strong>trem</strong></span> <span class='ocrx_word' id='word_1_66' title='bbox 251 1296 342 1339; x_wconf 90' lang='lat' dir='ltr'><strong>suam</strong></span> <span class='ocrx_word' id='word_1_67' title='bbox 356 1279 574 1356; x_wconf 86' lang='lat' dir='ltr'><strong>suspexerunt,</strong></span> <span class='ocrx_word' id='word_1_68' title='bbox 592 1279 623 1337; x_wconf 89' lang='lat' dir='ltr'><strong>et</strong></span> <span class='ocrx_word' id='word_1_69' title='bbox 636 1275 688 1335; x_wconf 87' lang='lat' dir='ltr'><strong>lex</strong></span> <span class='ocrx_word' id='word_1_70' title='bbox 700 1275 771 1354; x_wconf 85' lang='lat' dir='ltr'><strong>ipsa</strong></span> <span class='ocrx_word' id='word_1_71' title='bbox 784 1276 883 1338; x_wconf 81' lang='lat' dir='ltr'><strong>civilis</strong></span> <span class='ocrx_word' id='word_1_72' title='bbox 894 1276 974 1356; x_wconf 85' lang='lat' dir='ltr'><strong>juris</strong></span> <span class='ocrx_word' id='word_1_73' title='bbox 993 1296 1087 1338; x_wconf 90' lang='lat' dir='ltr'><strong>cano-</strong></span> 
     </span>
     <span class='ocr_line' id='line_1_12' title="bbox 157 1371 1089 1454; baseline -0.001 -20"><span class='ocrx_word' id='word_1_74' title='bbox 157 1375 218 1436; x_wconf 90' lang='lat' dir='ltr'><strong>nici</strong></span> <span class='ocrx_word' id='word_1_75' title='bbox 242 1374 402 1454; x_wconf 84' lang='lat' dir='ltr'><strong>principiis</strong></span> <span class='ocrx_word' id='word_1_76' title='bbox 424 1373 547 1434; x_wconf 89' lang='lat' dir='ltr'><strong>imbuta</strong></span> <span class='ocrx_word' id='word_1_77' title='bbox 570 1377 635 1447; x_wconf 87' lang='lat' dir='ltr'><strong>est,</strong></span> <span class='ocrx_word' id='word_1_78' title='bbox 660 1371 779 1451; x_wconf 85' lang='lat' dir='ltr'><strong>absque</strong></span> <span class='ocrx_word' id='word_1_79' title='bbox 802 1373 1029 1450; x_wconf 89' lang='lat' dir='ltr'><strong>controversia,</strong></span> <span class='ocrx_word' id='word_1_80' title='bbox 1056 1376 1089 1434; x_wconf 90' lang='lat' dir='ltr'><strong>ct</strong></span> 
     </span>
     <span class='ocr_line' id='line_1_13' title="bbox 156 1464 1087 1548; baseline 0.001 -19"><span class='ocrx_word' id='word_1_81' title='bbox 156 1471 231 1548; x_wconf 90' lang='lat' dir='ltr'><strong>ipsis</strong></span> <span class='ocrx_word' id='word_1_82' title='bbox 246 1470 423 1532; x_wconf 84' lang='lat' dir='ltr'><strong>faventibus</strong></span> <span class='ocrx_word' id='word_1_83' title='bbox 442 1467 647 1546; x_wconf 84' lang='lat' dir='ltr'><strong>principibus,</strong></span> <span class='ocrx_word' id='word_1_84' title='bbox 668 1465 818 1528; x_wconf 88' lang='lat' dir='ltr'><strong>latissime</strong></span> <span class='ocrx_word' id='word_1_85' title='bbox 837 1467 870 1528; x_wconf 91' lang='lat' dir='ltr'><strong>in</strong></span> <span class='ocrx_word' id='word_1_86' title='bbox 888 1467 971 1530; x_wconf 86' lang='lat' dir='ltr'><strong>hanc</strong></span> <span class='ocrx_word' id='word_1_87' title='bbox 988 1464 1087 1530; x_wconf 82' lang='lat' dir='ltr'><strong>mate-</strong></span> 
     </span>
     <span class='ocr_line' id='line_1_14' title="bbox 157 1562 782 1643; baseline -0.002 -19"><span class='ocrx_word' id='word_1_88' title='bbox 157 1566 247 1642; x_wconf 86' lang='lat' dir='ltr'><strong>riam,</strong></span> <span class='ocrx_word' id='word_1_89' title='bbox 261 1564 513 1643; x_wconf 85' lang='lat' dir='ltr'><strong>jurisdictionem</strong></span> <span class='ocrx_word' id='word_1_90' title='bbox 526 1581 617 1623; x_wconf 90' lang='lat' dir='ltr'><strong>suam</strong></span> <span class='ocrx_word' id='word_1_91' title='bbox 631 1562 782 1624; x_wconf 89' lang='lat' dir='ltr'><strong>exercuit.</strong></span> 
     </span>
    </p>

    <p class='ocr_par' dir='ltr' id='par_1_4' title="bbox 154 1659 1192 2298">
     <span class='ocr_line' id='line_1_15' title="bbox 196 1659 1086 1738; baseline 0.002 -16"><span class='ocrx_word' id='word_1_92' title='bbox 196 1664 237 1722; x_wconf 85' lang='lat' dir='ltr'><strong>At</strong></span> <span class='ocrx_word' id='word_1_93' title='bbox 251 1678 326 1721; x_wconf 90' lang='lat' dir='ltr'><strong>vero</strong></span> <span class='ocrx_word' id='word_1_94' title='bbox 346 1660 460 1721; x_wconf 84' lang='lat' dir='ltr'><strong>saeculc</strong></span> <span class='ocrx_word' id='word_1_95' title='bbox 480 1659 573 1722; x_wconf 80' lang='lat' dir='ltr'>XV10.</span> <span class='ocrx_word' id='word_1_96' title='bbox 594 1665 761 1721; x_wconf 84' lang='lat' dir='ltr'><strong>novatores</strong></span> <span class='ocrx_word' id='word_1_97' title='bbox 780 1667 940 1738; x_wconf 81' lang='lat' dir='ltr'><strong>caeperunt</strong></span> <span class='ocrx_word' id='word_1_98' title='bbox 957 1679 1086 1724; x_wconf 85' lang='lat' dir='ltr'><strong>movere</strong></span> 
     </span>
     <span class='ocr_line' id='line_1_16' title="bbox 155 1748 1085 1834; baseline 0.002 -15"><span class='ocrx_word' id='word_1_99' title='bbox 155 1759 273 1819; x_wconf 85' lang='lat' dir='ltr'><strong>bellum</strong></span> <span class='ocrx_word' id='word_1_100' title='bbox 294 1757 367 1818; x_wconf 93' lang='lat' dir='ltr'><strong>huic</strong></span> <span class='ocrx_word' id='word_1_101' title='bbox 388 1757 535 1818; x_wconf 75' lang='lat' dir='ltr'><strong>Ecclesia</strong></span> <span class='ocrx_word' id='word_1_102' title='bbox 556 1748 745 1834; x_wconf 86' lang='lat' dir='ltr'><strong>auctoritati,</strong></span> <span class='ocrx_word' id='word_1_103' title='bbox 769 1757 901 1820; x_wconf 88' lang='lat' dir='ltr'><strong>dicendo</strong></span> <span class='ocrx_word' id='word_1_104' title='bbox 923 1760 1085 1821; x_wconf 87' lang='lat' dir='ltr'><strong>matrimo-</strong></span> 
     </span>
     <span class='ocr_line' id='line_1_17' title="bbox 156 1854 1085 1933; baseline 0.004 -21"><span class='ocrx_word' id='word_1_105' title='bbox 156 1854 243 1913; x_wconf 91' lang='lat' dir='ltr'><strong>nium</strong></span> <span class='ocrx_word' id='word_1_106' title='bbox 257 1871 319 1914; x_wconf 92' lang='lat' dir='ltr'><strong>non</strong></span> <span class='ocrx_word' id='word_1_107' title='bbox 334 1870 401 1914; x_wconf 89' lang='lat' dir='ltr'><strong>esse</strong></span> <span class='ocrx_word' id='word_1_108' title='bbox 417 1856 659 1928; x_wconf 86' lang='lat' dir='ltr'><strong>sacramentum,</strong></span> <span class='ocrx_word' id='word_1_109' title='bbox 676 1859 845 1933; x_wconf 89' lang='lat' dir='ltr'><strong>propterea</strong></span> <span class='ocrx_word' id='word_1_110' title='bbox 858 1854 939 1915; x_wconf 90' lang='lat' dir='ltr'><strong>sicut</strong></span> <span class='ocrx_word' id='word_1_111' title='bbox 953 1858 1085 1917; x_wconf 86' lang='lat' dir='ltr'><strong>caeteros</strong></span> 
     </span>
     <span class='ocr_line' id='line_1_18' title="bbox 156 1947 1087 2030; baseline 0.003 -21"><span class='ocrx_word' id='word_1_112' title='bbox 156 1951 334 2010; x_wconf 85' lang='lat' dir='ltr'><strong>contractus</strong></span> <span class='ocrx_word' id='word_1_113' title='bbox 348 1948 441 2010; x_wconf 89' lang='lat' dir='ltr'><strong>subdi</strong></span> <span class='ocrx_word' id='word_1_114' title='bbox 456 1947 662 2010; x_wconf 88' lang='lat' dir='ltr'><strong>moderamini</strong></span> <span class='ocrx_word' id='word_1_115' title='bbox 678 1948 787 2026; x_wconf 86' lang='lat' dir='ltr'><strong>civilis,</strong></span> <span class='ocrx_word' id='word_1_116' title='bbox 799 1965 854 2010; x_wconf 87' lang='lat' dir='ltr'><strong>seu</strong></span> <span class='ocrx_word' id='word_1_117' title='bbox 864 1950 998 2030; x_wconf 78' lang='lat' dir='ltr'><strong>politica</strong></span> <span class='ocrx_word' id='word_1_118' title='bbox 1013 1969 1087 2012; x_wconf 88' lang='lat' dir='ltr'><strong>auc-</strong></span> 
     </span>
     <span class='ocr_line' id='line_1_19' title="bbox 154 2044 902 2105; baseline -0.003 -1"><span class='ocrx_word' id='word_1_119' title='bbox 154 2044 302 2105; x_wconf 87' lang='lat' dir='ltr'><strong>toritatis.</strong></span> <span class='ocrx_word' id='word_1_120' title='bbox 791 2089 795 2096; x_wconf 87' lang='lat'>.</span> <span class='ocrx_word' id='word_1_121' title='bbox 900 2097 902 2102; x_wconf 91' lang='lat'><em>.</em></span> 
     </span>
     <span class='ocr_line' id='line_1_20' title="bbox 194 2137 1086 2210; baseline 0.003 -10"><span class='ocrx_word' id='word_1_122' title='bbox 194 2139 366 2201; x_wconf 80' lang='lat' dir='ltr'><strong>concilium</strong></span> <span class='ocrx_word' id='word_1_123' title='bbox 378 2139 464 2201; x_wconf 80' lang='lat' dir='ltr'><strong>Trid.</strong></span> <span class='ocrx_word' id='word_1_124' title='bbox 482 2158 558 2202; x_wconf 90' lang='lat' dir='ltr'><strong>sess.</strong></span> <span class='ocrx_word' id='word_1_125' title='bbox 576 2141 686 2201; x_wconf 88' lang='lat' dir='ltr'><strong>XXIV.</strong></span> <span class='ocrx_word' id='word_1_126' title='bbox 703 2137 741 2200; x_wconf 92' lang='lat' dir='ltr'><strong>de</strong></span> <span class='ocrx_word' id='word_1_127' title='bbox 758 2140 961 2203; x_wconf 75' lang='lat' dir='ltr'><strong>Sacramenta</strong></span> <span class='ocrx_word' id='word_1_128' title='bbox 975 2142 1086 2210; x_wconf 86' lang='lat' dir='ltr'><strong>matri-</strong></span> 
     </span>
     <span class='ocr_line' id='line_1_21' title="bbox 155 2227 1192 2298; baseline 0.002 -2"><span class='ocrx_word' id='word_1_129' title='bbox 155 2237 276 2298; x_wconf 88' lang='lat' dir='ltr'><strong>monii:</strong></span> <span class='ocrx_word' id='word_1_130' title='bbox 1185 2227 1192 2240; x_wconf 79' lang='lat'>&#39;</span> 
     </span>
    </p>

    <p class='ocr_par' dir='ltr' id='par_1_5' title="bbox 154 2329 1085 2672">
     <span class='ocr_line' id='line_1_22' title="bbox 193 2329 1082 2411; baseline 0 -17"><span class='ocrx_word' id='word_1_131' title='bbox 193 2333 269 2394; x_wconf 84' lang='lat' dir='ltr'><strong>Gan.</strong></span> <span class='ocrx_word' id='word_1_132' title='bbox 287 2336 329 2394; x_wconf 77' lang='lat'><strong>1⁰.</strong></span> <span class='ocrx_word' id='word_1_133' title='bbox 342 2333 376 2394; x_wconf 91' lang='lat' dir='ltr'><strong>Si</strong></span> <span class='ocrx_word' id='word_1_134' title='bbox 391 2333 459 2411; x_wconf 88' lang='lat' dir='ltr'><strong>quis</strong></span> <span class='ocrx_word' id='word_1_135' title='bbox 474 2331 586 2392; x_wconf 85' lang='lat' dir='ltr'><strong>dixerit</strong></span> <span class='ocrx_word' id='word_1_136' title='bbox 598 2329 832 2392; x_wconf 89' lang='lat' dir='ltr'><strong>Matrimonium</strong></span> <span class='ocrx_word' id='word_1_137' title='bbox 845 2348 908 2392; x_wconf 92' lang='lat' dir='ltr'><strong>non</strong></span> <span class='ocrx_word' id='word_1_138' title='bbox 923 2349 991 2394; x_wconf 89' lang='lat' dir='ltr'><strong>esse</strong></span> <span class='ocrx_word' id='word_1_139' title='bbox 1006 2352 1082 2394; x_wconf 87' lang='lat' dir='ltr'><strong>vere</strong></span> 
     </span>
     <span class='ocr_line' id='line_1_23' title="bbox 154 2425 1085 2506; baseline 0.003 -20"><span class='ocrx_word' id='word_1_140' title='bbox 154 2429 185 2487; x_wconf 90' lang='lat' dir='ltr'><strong>et</strong></span> <span class='ocrx_word' id='word_1_141' title='bbox 203 2428 329 2506; x_wconf 89' lang='lat' dir='ltr'><strong>proprie</strong></span> <span class='ocrx_word' id='word_1_142' title='bbox 348 2445 446 2488; x_wconf 91' lang='lat' dir='ltr'><strong>unum</strong></span> <span class='ocrx_word' id='word_1_143' title='bbox 469 2445 508 2486; x_wconf 90' lang='lat' dir='ltr'><strong>cx</strong></span> <span class='ocrx_word' id='word_1_144' title='bbox 530 2431 653 2504; x_wconf 86' lang='lat' dir='ltr'><strong>septem</strong></span> <span class='ocrx_word' id='word_1_145' title='bbox 669 2425 747 2506; x_wconf 84' lang='lat' dir='ltr'><strong>legis</strong></span> <span class='ocrx_word' id='word_1_146' title='bbox 766 2427 955 2506; x_wconf 73' lang='lat' dir='ltr'><strong>evangelica</strong></span> <span class='ocrx_word' id='word_1_147' title='bbox 971 2429 1085 2490; x_wconf 90' lang='lat' dir='ltr'><strong>Sacra-</strong></span> 
     </span>
     <span class='ocr_line' id='line_1_24' title="bbox 154 2519 1085 2595; baseline 0.002 -17"><span class='ocrx_word' id='word_1_148' title='bbox 154 2525 307 2595; x_wconf 86' lang='lat' dir='ltr'><strong>mentum,</strong></span> <span class='ocrx_word' id='word_1_149' title='bbox 323 2539 343 2580; x_wconf 88' lang='lat' dir='ltr'><strong>a</strong></span> <span class='ocrx_word' id='word_1_150' title='bbox 357 2520 477 2583; x_wconf 85' lang='lat' dir='ltr'><strong>Christo</strong></span> <span class='ocrx_word' id='word_1_151' title='bbox 497 2519 629 2582; x_wconf 89' lang='lat' dir='ltr'><strong>Domino</strong></span> <span class='ocrx_word' id='word_1_152' title='bbox 648 2519 824 2581; x_wconf 85' lang='lat' dir='ltr'><strong>institutum</strong></span> <span class='ocrx_word' id='word_1_153' title='bbox 828 2563 889 2582; x_wconf 91' lang='lat'><strong>.....</strong></span> <span class='ocrx_word' id='word_1_154' title='bbox 914 2521 1085 2583; x_wconf 88' lang='lat' dir='ltr'><strong>anathema</strong></span> 
     </span>
     <span class='ocr_line' id='line_1_25' title="bbox 154 2612 453 2672; baseline -0.007 0"><span class='ocrx_word' id='word_1_155' title='bbox 154 2612 204 2672; x_wconf 84' lang='lat' dir='ltr'><strong>sit.</strong></span> <span class='ocrx_word' id='word_1_156' title='bbox 451 2630 453 2634; x_wconf 92' lang='lat'>·</span> 
     </span>
    </p>

    <p class='ocr_par' dir='ltr' id='par_1_6' title="bbox 150 2707 1084 3266">
     <span class='ocr_line' id='line_1_26' title="bbox 192 2707 1082 2789; baseline 0.006 -22"><span class='ocrx_word' id='word_1_157' title='bbox 192 2707 266 2767; x_wconf 87' lang='lat' dir='ltr'><strong>Gan.</strong></span> <span class='ocrx_word' id='word_1_158' title='bbox 282 2709 315 2766; x_wconf 83' lang='lat'><strong>3⁰</strong></span> <span class='ocrx_word' id='word_1_159' title='bbox 330 2707 363 2767; x_wconf 84' lang='lat' dir='ltr'><strong>si</strong></span> <span class='ocrx_word' id='word_1_160' title='bbox 378 2707 446 2786; x_wconf 86' lang='lat' dir='ltr'><strong>quis</strong></span> <span class='ocrx_word' id='word_1_161' title='bbox 462 2707 575 2769; x_wconf 87' lang='lat' dir='ltr'><strong>dixerit</strong></span> <span class='ocrx_word' id='word_1_162' title='bbox 589 2725 643 2768; x_wconf 90' lang='lat' dir='ltr'><strong>eos</strong></span> <span class='ocrx_word' id='word_1_163' title='bbox 657 2711 781 2768; x_wconf 87' lang='lat' dir='ltr'><strong>tantum</strong></span> <span class='ocrx_word' id='word_1_164' title='bbox 799 2708 1082 2789; x_wconf 78' lang='lat' dir='ltr'><strong>consanguinitatis</strong></span> 
     </span>
     <span class='ocr_line' id='line_1_27' title="bbox 153 2802 1079 2882; baseline -0.002 -16"><span class='ocrx_word' id='word_1_165' title='bbox 153 2808 183 2866; x_wconf 90' lang='lat' dir='ltr'><strong>et</strong></span> <span class='ocrx_word' id='word_1_166' title='bbox 210 2802 370 2864; x_wconf 85' lang='lat' dir='ltr'><strong>affinitatis</strong></span> <span class='ocrx_word' id='word_1_167' title='bbox 397 2802 525 2882; x_wconf 76' lang='lat' dir='ltr'><strong>gradm,</strong></span> <span class='ocrx_word' id='word_1_168' title='bbox 553 2802 606 2882; x_wconf 90' lang='lat' dir='ltr'><strong>qui</strong></span> <span class='ocrx_word' id='word_1_169' title='bbox 633 2803 666 2863; x_wconf 91' lang='lat' dir='ltr'><strong>in</strong></span> <span class='ocrx_word' id='word_1_170' title='bbox 688 2803 825 2866; x_wconf 86' lang='lat' dir='ltr'><strong>Levitico</strong></span> <span class='ocrx_word' id='word_1_171' title='bbox 850 2804 1079 2882; x_wconf 87' lang='lat' dir='ltr'><strong>exprimuntur,</strong></span> 
     </span>
     <span class='ocr_line' id='line_1_28' title="bbox 151 2899 1084 2981; baseline -0.002 -19"><span class='ocrx_word' id='word_1_172' title='bbox 151 2919 243 2981; x_wconf 89' lang='lat' dir='ltr'><strong>posse</strong></span> <span class='ocrx_word' id='word_1_173' title='bbox 256 2900 410 2979; x_wconf 87' lang='lat' dir='ltr'><strong>impedire</strong></span> <span class='ocrx_word' id='word_1_174' title='bbox 424 2899 658 2961; x_wconf 87' lang='lat' dir='ltr'><strong>matrimonium</strong></span> <span class='ocrx_word' id='word_1_175' title='bbox 673 2900 934 2976; x_wconf 89' lang='lat' dir='ltr'><strong>contrahendum,</strong></span> <span class='ocrx_word' id='word_1_176' title='bbox 956 2903 987 2961; x_wconf 90' lang='lat' dir='ltr'><strong>ct</strong></span> <span class='ocrx_word' id='word_1_177' title='bbox 1006 2899 1084 2973; x_wconf 84' lang='lat' dir='ltr'><strong>diri-</strong></span> 
     </span>
     <span class='ocr_line' id='line_1_29' title="bbox 151 2995 1083 3073; baseline -0.004 -15"><span class='ocrx_word' id='word_1_178' title='bbox 151 3015 237 3058; x_wconf 89' lang='lat' dir='ltr'><strong>mere</strong></span> <span class='ocrx_word' id='word_1_179' title='bbox 257 2999 463 3072; x_wconf 88' lang='lat' dir='ltr'><strong>contractum,</strong></span> <span class='ocrx_word' id='word_1_180' title='bbox 486 3013 543 3055; x_wconf 88' lang='lat' dir='ltr'><strong>nec</strong></span> <span class='ocrx_word' id='word_1_181' title='bbox 566 3013 656 3073; x_wconf 92' lang='lat' dir='ltr'><strong>posse</strong></span> <span class='ocrx_word' id='word_1_182' title='bbox 677 2995 849 3056; x_wconf 75' lang='lat' dir='ltr'><strong>Ecclesiam</strong></span> <span class='ocrx_word' id='word_1_183' title='bbox 869 2995 902 3055; x_wconf 90' lang='lat' dir='ltr'><strong>in</strong></span> <span class='ocrx_word' id='word_1_184' title='bbox 923 2995 1083 3056; x_wconf 88' lang='lat' dir='ltr'><strong>nonnullis</strong></span> 
     </span>
     <span class='ocr_line' id='line_1_30' title="bbox 150 3089 1084 3172; baseline -0.003 -19"><span class='ocrx_word' id='word_1_185' title='bbox 150 3112 260 3155; x_wconf 89' lang='lat' dir='ltr'><strong>eorum</strong></span> <span class='ocrx_word' id='word_1_186' title='bbox 274 3093 466 3172; x_wconf 87' lang='lat' dir='ltr'><strong>dispensare,</strong></span> <span class='ocrx_word' id='word_1_187' title='bbox 479 3094 534 3152; x_wconf 91' lang='lat' dir='ltr'><strong>aut</strong></span> <span class='ocrx_word' id='word_1_188' title='bbox 543 3091 732 3153; x_wconf 85' lang='lat' dir='ltr'><strong>constituere</strong></span> <span class='ocrx_word' id='word_1_189' title='bbox 743 3096 777 3152; x_wconf 93' lang='lat' dir='ltr'><strong>ut</strong></span> <span class='ocrx_word' id='word_1_190' title='bbox 791 3091 897 3170; x_wconf 91' lang='lat' dir='ltr'><strong>plures</strong></span> <span class='ocrx_word' id='word_1_191' title='bbox 907 3089 1084 3168; x_wconf 86' lang='lat' dir='ltr'><strong>impediant</strong></span> 
     </span>
     <span class='ocr_line' id='line_1_31' title="bbox 151 3189 605 3266; baseline 0.002 -18"><span class='ocrx_word' id='word_1_192' title='bbox 151 3193 182 3251; x_wconf 89' lang='lat' dir='ltr'><strong>et</strong></span> <span class='ocrx_word' id='word_1_193' title='bbox 197 3191 355 3266; x_wconf 87' lang='lat' dir='ltr'><strong>din&#39;mant,</strong></span> <span class='ocrx_word' id='word_1_194' title='bbox 373 3190 541 3250; x_wconf 89' lang='lat' dir='ltr'><strong>anathema</strong></span> <span class='ocrx_word' id='word_1_195' title='bbox 555 3189 605 3249; x_wconf 90' lang='lat' dir='ltr'><strong>sit.</strong></span> 
     </span>
    </p>

    <p class='ocr_par' dir='ltr' id='par_1_7' title="bbox 148 3281 1082 3550">
     <span class='ocr_line' id='line_1_32' title="bbox 190 3281 1082 3364; baseline -0.004 -19"><span class='ocrx_word' id='word_1_196' title='bbox 190 3286 265 3345; x_wconf 87' lang='lat' dir='ltr'><strong>Gan.</strong></span> <span class='ocrx_word' id='word_1_197' title='bbox 280 3289 325 3346; x_wconf 77' lang='lat'><strong>4⁰.</strong></span> <span class='ocrx_word' id='word_1_198' title='bbox 342 3284 373 3347; x_wconf 91' lang='lat' dir='ltr'><strong>Si</strong></span> <span class='ocrx_word' id='word_1_199' title='bbox 389 3284 458 3364; x_wconf 88' lang='lat' dir='ltr'><strong>quis</strong></span> <span class='ocrx_word' id='word_1_200' title='bbox 472 3284 584 3345; x_wconf 85' lang='lat' dir='ltr'><strong>dixerit</strong></span> <span class='ocrx_word' id='word_1_201' title='bbox 597 3281 737 3343; x_wconf 74' lang='lat' dir='ltr'><strong>Ecclesia</strong></span> <span class='ocrx_word' id='word_1_202' title='bbox 751 3299 815 3342; x_wconf 92' lang='lat' dir='ltr'><strong>non</strong></span> <span class='ocrx_word' id='word_1_203' title='bbox 830 3282 968 3361; x_wconf 88' lang='lat' dir='ltr'><strong>potuisse</strong></span> <span class='ocrx_word' id='word_1_204' title='bbox 987 3299 1082 3342; x_wconf 90' lang='lat' dir='ltr'><strong>cons-</strong></span> 
     </span>
     <span class='ocr_line' id='line_1_33' title="bbox 148 3377 1082 3458; baseline -0.001 -20"><span class='ocrx_word' id='word_1_205' title='bbox 148 3378 260 3440; x_wconf 87' lang='lat' dir='ltr'><strong>tituere</strong></span> <span class='ocrx_word' id='word_1_206' title='bbox 278 3379 502 3458; x_wconf 86' lang='lat' dir='ltr'><strong>impedimenta</strong></span> <span class='ocrx_word' id='word_1_207' title='bbox 519 3377 753 3440; x_wconf 86' lang='lat' dir='ltr'><strong>matrimonium</strong></span> <span class='ocrx_word' id='word_1_208' title='bbox 772 3378 961 3454; x_wconf 82' lang='lat' dir='ltr'><strong>dirimentis,</strong></span> <span class='ocrx_word' id='word_1_209' title='bbox 979 3379 1029 3441; x_wconf 84' lang='lat' dir='ltr'><strong>vel</strong></span> <span class='ocrx_word' id='word_1_210' title='bbox 1045 3379 1082 3438; x_wconf 92' lang='lat' dir='ltr'><strong>in</strong></span> 
     </span>
     <span class='ocr_line' id='line_1_34' title="bbox 149 3473 764 3550; baseline 0.003 -18"><span class='ocrx_word' id='word_1_211' title='bbox 149 3473 372 3536; x_wconf 83' lang='lat' dir='ltr'><strong>constituendis</strong></span> <span class='ocrx_word' id='word_1_212' title='bbox 386 3491 518 3550; x_wconf 88' lang='lat' dir='ltr'><strong>errasse,</strong></span> <span class='ocrx_word' id='word_1_213' title='bbox 534 3475 703 3535; x_wconf 88' lang='lat' dir='ltr'><strong>anathema</strong></span> <span class='ocrx_word' id='word_1_214' title='bbox 715 3475 764 3535; x_wconf 89' lang='lat' dir='ltr'><strong>sit.</strong></span> 
     </span>
    </p>
   </div>
   <div class='ocr_carea' id='block_1_3' title="bbox 0 0 1256 4024">
    <p class='ocr_par' dir='ltr' id='par_1_8' title="bbox 0 0 1256 4024">
     <span class='ocr_line' id='line_1_35' title="bbox 0 0 1256 4024; baseline 0 3"><span class='ocrx_word' id='word_1_215' title='bbox 0 0 1256 4024; x_wconf 95' lang='lat' dir='ltr'><strong> </strong></span> 
     </span>
    </p>
   </div>
  </div>
 </body>
</html>
