2548 4020
412 333 450 376 11
473 333 599 380 caruero
620 335 702 381 rums
725 335 879 382 1111111111.
1052 331 1103 388 191
1180 327 1190 340 ’
1258 309 1259 322 ’

251 505 350 564 Queat,
366 508 404 553 2³.
423 505 462 554 De
476 503 587 554 relativa
602 479 768 555 mirabilitate
781 505 816 555 ad
829 509 1030 560 matrimonium.

211 621 397 685 inhabilitas
412 619 543 683 relativa
557 621 598 682 ad
613 621 848 684 matrimonium
866 641 905 684 ox
923 624 1037 704 triplici
1055 647 1109 690 aa·

167 721 235 800 pita
252 735 422 797 exsurgere
437 716 563 779 videtur
578 736 585 777 :
821 732 823 736 ·

212 819 243 876 1ο
258 815 304 876 nx
326 814 430 893 aliquo
452 812 694 893 propinquitatis
713 814 763 876 vel
783 816 1022 880 necessitudinis
1040 820 1109 882 vin·

168 913 242 976 culo
257 909 486 991 praecmstenti3

211 1013 244 1068 2⁰
257 1009 305 1068 Ex
319 1005 448 1085 dispari,
464 1005 514 1066 val
529 1004 684 1067 differenti
699 1005 784 1067 cultu
799 1007 965 1087 religios03

210 1107 243 1165 3⁰
257 1104 303 1164 Ex
317 1095 540 1182 complicitam,
558 1102 608 1163 vel
622 1101 786 1165 correitato
803 1102 836 1163 in
850 1104 982 1168 crimen.

463 1249 491 1294 A.
503 1251 536 1294 lla
548 1225 637 1295 Vincula
649 1253 826 1308 propinquitatis.
855 1309 858 1314 Ι

210 1360 285 1420 Tria
312 1359 385 1419 sunt
415 1357 657 1438 propinquitatis
681 1357 825 1436 vincula,
856 1359 940 1420 unda
968 1361 1107 1424 nascitur

169 1455 301 1536 quidam
328 1471 419 1514 amor
445 1453 643 1515 verecundus
666 1455 697 1515 ct
720 1455 935 1518 reverentialis
958 1457 1011 1538 qui
1035 1475 1106 1519 cum

168 1549 393 1612 matrimoniali
415 1549 606 1611 confidentia
626 1568 690 1611 non
707 1549 789 1612 hene
808 1551 1002 1615 conciliatur.
1026 1553 1107 1615 Sunt
1189 1621 1194 1628 ,

169 1652 304 1711 autem:
706 1657 708 1662 '

210 1745 242 1802 1ο
257 1742 426 1805 Vinculum
448 1743 737 1824 consanguinitatis,
758 1763 813 1807 acu
833 1747 1028 1828 cognationis
1047 1766 1103 1810 na-

167 1839 290 1912 turalis,
311 1837 1105 1924 cui'intallectup'urisassimilanturvinculaocgna-

168 1934 263 1996 tionis
277 1935 388 2014 legalis
404 1937 434 1996 at
448 1934 629 2014 spiritualia.
826 2011 832 2019 .

207 2035 241 2092 2⁰
269 2031 437 2094 Vinculum
461 2030 621 2093 affinitatis
645 2049 683 2091 ex
706 2033 974 2094 consummatione
998 2033 1104 2095 matri-

168 2127 266 2192 monii
282 2128 331 2189 cui
347 2127 537 2190 assimilatur
550 2127 685 2190 affinitas
700 2145 738 2187 ax
753 2129 867 2205 copula
879 2130 998 2191 illicita.

207 2229 241 2287 3⁰
275 2223 441 2286 Vinculum
468 2223 602 2302 publieae
638 2220 810 2284 honestatis
838 2242 877 2284 cx
902 2224 1103 2287 matrimonio

123 2333 128 2341 “
168 2321 266 2383 etiam
280 2337 346 2380 non
358 2324 587 2395 consummato,
604 2318 774 2379 dummodo
790 2337 853 2380 non
872 2318 912 2381 sit
930 2317 1052 2380 nullum
1065 2339 1104 2380 ax

167 2417 293 2480 defectu
316 2428 497 2493 consensus,
522 2415 572 2476 cui
593 2414 784 2477 assimilatur
806 2415 933 2496 publica
956 2416 1103 2478 honestas
1133 2487 1134 2490 Ἴ

168 2531 302 2577 nascens
317 2531 355 2574 ex
369 2512 567 2593 sponsalibus
580 2511 703 2573 validis.

446 2679 471 2717 1ο
485 2673 518 2718 Da
531 2673 617 2718 circulo
629 2673 834 2730 consanguinitatis.

208 2783 305 2844 XXX.
329 2779 481 2861 cognatio
509 2781 660 2844 naturalis
687 2797 742 2844 scu
771 2783 1026 2866 consanguinitas
1055 2790 1104 2846 est

167 2877 330 2939 vinculum
344 2894 561 2955 personarum,
579 2895 713 2956 quarum
728 2897 837 2941 omnes
850 2881 890 2941 ab
907 2881 1019 2942 cadam
1032 2899 1102 2960 per·

167 2992 246 3036 sona
267 2976 420 3053 tanquam
439 2973 650 3054 progenitore,
671 2993 727 3036 sau
748 2976 908 3038 communi
928 2975 1043 3056 stipite,
1066 2979 1102 3038 ut

167 3071 268 3147 aiunt,
290 3088 348 3148 per
362 3069 522 3131 111111111
536 3072 795 3151 propagationem
809 3071 963 3134 derivant.

209 3166 375 3229 Generatio
390 3166 583 3245 immediata,
600 3185 673 3230 cum
683 3185 747 3228 una
756 3169 889 3228 alteram
898 3167 1024 3246 geuuit;
1037 3186 1101 3231 me·

167 3265 255 3326 dicta
268 3264 395 3345 quando
411 3283 473 3326 una
489 3265 620 3327 alteram
638 3282 701 3326 non
720 3265 839 3343 genuit,
856 3265 912 3326 sed
933 3265 1101 3329 abeodem

166 3359 271 3440 stipite
286 3379 344 3440 per
361 3362 581 3442 generationes
600 3361 740 3424 carnales
759 3365 969 3441 promanant:
991 3363 1099 3438 frater,

167 3473 276 3530 soror3
292 3456 366 3518 indo
380 3458 464 3520 linea
477 3462 565 3520 recta
578 3457 629 3519 rel
642 3459 870 3521 transversariis.

158 3545 164 3554 '
206 3552 305 3614 Linea
317 3557 404 3616 recta
417 3558 464 3618 est
478 3554 574 3618 serica
585 3573 791 3635 personarum
802 3574 936 3638 quarum
946 3573 1010 3618 una
1024 3556 1103 3618 alte-
