2530 4016
406 305 445 347 oo
467 303 595 349 ootuoro
616 304 699 349 roms
722 303 877 368 cnuoorot,
1050 295 1107 353 299

175 457 207 513 et
221 469 240 510 a
253 447 354 509 saeris
369 434 509 527 praesunt
529 445 721 525 pauperibus
734 445 767 506 in
788 446 934 525 hospitali
957 449 1105 513 oolleetis.

175 544 336 621 biellam,
353 541 404 604 vel
415 542 582 604 saeeulares
596 540 646 603 vel
659 544 832 620 regulares,
849 548 922 603 sunt
940 563 1064 624 semper
1076 547 1108 607 in

175 641 324 704 exercitio
339 637 493 718 spirituali
508 637 556 700 sui
571 637 718 718 episeopo
733 637 877 719 subjecti,
895 641 1032 720 exeeptis
1047 641 1108 704 sin-

175 735 339 819 gularibus
353 734 535 814 privilegiis.

174 881 176 886 -
216 839 249 898 3⁰
263 832 396 896 Ministri
407 851 464 893 seu
479 833 650 917 interventus
664 833 717 913 qui
733 834 774 895 ad
788 833 938 913 placitum
959 834 1110 897 adminis-

176 933 332 992 tratorum
352 925 561 988 communiter
573 931 776 989 assumuntur
789 946 807 989 e
821 930 904 990 statu
923 927 1036 1004 laicali,
1054 930 1109 990 sed

177 1042 216 1084 ex
230 1024 364 1100 utroque
380 1037 456 1080 sexu
470 1022 537 1081 tum
551 1019 706 1096 saeoulari,
723 1023 791 1082 tum
804 1019 960 1099 regulari;
978 1039 1026 1080 ex.
1044 1039 1107 1099 ga,

177 1121 303 1180 Fratres
321 1117 353 1178 S.
369 1116 500 1178 Joannis
516 1115 555 1176 de
573 1118 649 1191 Deo,
664 1133 788 1178 sorores
808 1115 970 1180 eharitatis
986 1117 1006 1178 S
1028 1115 1109 1180 Ven-

177 1213 271 1277 eeniii
285 1213 326 1274 de
341 1205 457 1274 Paulis.
778 1227 779 1231 ¹
855 1230 861 1242 ²

501 1385 534 1440 ll.
548 1386 579 1430 lle
590 1385 699 1430 montibus
710 1385 805 1440 pletatis.

217 1504 269 1564 vl.
287 1499 499 1578 Hospitalibus
513 1495 691 1575 antiquiora
705 1497 779 1557 sunt
788 1495 849 1558 alia
863 1496 917 1576 pia
930 1514 1027 1576 opera
1037 1499 1110 1560 eha-

177 1592 277 1655 ritatis
303 1590 417 1670 quibus
442 1604 620 1668 pauperum
648 1587 763 1668 inopiae
793 1589 1002 1666 sueourritur,
1033 1592 1109 1670 quin

152 1686 160 1702 ⁵
176 1703 333 1768 pauperes
345 1686 379 1746 in
394 1701 492 1746 unum
506 1683 673 1763 collegium
687 1684 885 1764 colligantur.
902 1685 1002 1766 Hujus
1016 1704 1110 1765 geue-

177 1785 220 1845 ris
235 1784 326 1845 erant
339 1780 432 1842 loouli
447 1797 524 1860 quos
539 1779 679 1842 Christus
693 1779 844 1843 Dominus
858 1780 969 1843 hebuit
983 1787 1016 1842 et
1029 1799 1109 1862 quoe

178 1881 312 1961 apostoli
329 1879 548 1940 administrare
563 1881 789 1956 perrexerunt:
816 1879 963 1941 nimirum
978 1880 1108 1960 quidam

177 1993 284 2039 rerum
311 1974 510 2054 suugibilium
537 1975 568 2035 et
595 1971 771 2051 praesertim
795 1975 935 2051 peouniae
964 1976 1108 2037 cumulus

178 2089 248 2152 quae
262 2071 295 2132 in
310 2087 465 2148 pauperes
489 2069 551 2148 pro'
560 2067 756 2148 singulorum
776 2068 951 2148 indigentia
964 2068 1110 2131 tribuun-

176 2174 238 2232 tur.
256 2165 356 2246 Hujus
373 2166 498 2245 generis
513 2168 602 2227 eraut
624 2169 748 2226 veteres
771 2163 924 2226 diaeouiae
946 2183 1002 2225 seu
1025 2165 1112 2227 loea-

178 2263 341 2327 diaeoniea
353 2263 386 2323 in
407 2262 547 2324 'lleolesia
565 2263 598 2323 in
613 2279 677 2342 qua
695 2260 868 2323 oblationes
887 2259 1028 2322 fidelium
1047 2262 1112 2324 ool-

108 2399 110 2404 ·
178 2362 268 2424 lentae
292 2359 560 2422 conservabantur
580 2361 611 2420 et
633 2375 690 2436 per
708 2358 863 2419 Diaoonos
879 2357 969 2438 jussu
983 2357 1111 2420 Antiati·

178 2459 246 2517 tum
258 2451 451 2533 pauperibus
465 2451 687 2530 erogabantur.

218 2547 395 2612 Posteriora
423 2549 515 2610 aetate
533 2547 603 2609 loeo
617 2547 685 2608 haee
709 2544 854 2606 diaeonia
867 2561 931 2606 uon
954 2543 1034 2608 adeo
1049 2545 1114 2607 lre-

179 2646 309 2726 quentia
321 2643 448 2705 fuerunt
470 2643 514 2704 ita
529 2649 564 2705 ut
584 2645 686 2704 traotu
700 2640 850 2720 temporis
863 2641 915 2702 vix
937 2646 993 2704 aut
1006 2661 1046 2704 ue
1059 2641 1112 2704 vix

179 2741 308 2824 quidem
323 2739 557 2818 oupertuerint3
583 2739 638 2800 sed
656 2738 694 2799 iis
717 2737 779 2800 alia
803 2741 1023 2801 successerunt
1044 2742 1112 2802 tan-

179 2859 276 2922 quam
290 2838 403 2902 aeraria
424 2841 456 2901 et
473 2837 617 2918 deposita
637 2838 844 2917 peeuniarum
868 2844 900 2898 et
914 2838 1109 2901 oblationum

177 2939 211 2998 in
225 2954 400 3016 pauperum
414 2951 489 2997 usus
508 2935 751 3015 erogandarum.
768 2935 854 2996 Inter
868 2933 936 2994 haee
951 2933 1111 3013 singulare

178 3031 283 3092 loeum
297 3030 492 3109 occuparunt
505 3045 544 3090 ea
557 3028 701 3089 instituta
715 3025 876 3086 eharitatis
892 3027 923 3085 et
935 3023 1115 3085 beneficen-
1155 3061 1158 3070 ·

179 3127 231 3188 tiae
246 3143 316 3206 quae
331 3125 479 3187 dieantur
493 3123 605 3184 Montes
615 3120 740 3182 Pietatis
754 3120 794 3182 de
808 3119 921 3200 quibus
931 3120 1026 3182 hodie
1041 3139 1113 3200 age·

179 3241 250 3284 mus
269 3221 456 3302 inquirendo
477 3241 484 3283 :
510 3223 541 3282 l⁰
562 3219 738 3293 notionem
762 3222 795 3280 2⁰
816 3217 954 3297 speeiem
976 3221 1009 3279 3⁰
1027 3216 1114 3298 leges

152 3371 157 3380 .
180 3319 294 3399 quibus
308 3320 474 3398 reguntur.

220 3417 252 3473 l⁰
275 3414 320 3475 De
340 3414 461 3475 notione.
492 3413 581 3475 Mons
603 3412 731 3492 pietatm
757 3414 804 3476 est
827 3411 958 3474 eolleeta
979 3411 1115 3491 pecunia

180 3509 289 3572 mutuo
304 3507 410 3570 danda
432 3505 623 3588 pauperibus
643 3506 861 3587 indigentibus
882 3506 970 3572 etatis
992 3504 1116 3586 legibus
