2530 4016
165 277 224 337 300
377 281 606 332 rnsrrrurronns
626 280 708 328 sums
730 279 885 326 canuntur.

166 438 308 512 statuque
322 432 465 508 tempore
479 426 682 490 restituenda.
699 426 822 490 Institui
837 429 1001 506 ooeperunt
1014 428 1097 491 oiroa

165 525 531 592 medinmsaeenlumxv.
845 540 850 548 ·

204 627 292 688 Mens
307 621 507 685 institutionis
521 620 579 683 tuit
598 621 633 681 ut
647 623 865 683 occurreretur
889 620 991 682 usuris
1019 639 1098 700 quas

165 741 320 807 pauperes
342 726 487 785 mutuum
515 722 657 799 petentes
684 737 741 799 pro
767 720 832 780 suis
859 719 1098 784 necessitatibus

165 821 408 888 foeneratoribus
423 819 544 882 solvere
559 818 764 899 eogebantur.

205 921 364 983 Adversus
387 917 469 978 hane
484 915 712 979 institutionem
735 917 886 995 tanquam
908 914 1049 978 illicitam
1069 918 1100 978 et

165 1017 341 1079 usurariam
362 1013 556 1092 seripserunt
569 1011 708 1091 quidam.
726 1011 823 1073 Sedis
843 1010 1047 1074 Pontificibus
1068 1015 1099 1074 et

167 1110 341 1192 praesertim
354 1109 374 1169 b
388 1111 492 1170 Leone
506 1109 544 1183 X,
560 1104 591 1165 in
605 1123 695 1167 oono.
711 1107 814 1179 Later.
831 1106 858 1168 V
873 1107 906 1167 et
918 1123 938 1167 a
951 1107 1015 1166 ΡΡ.
1029 1104 1100 1167 Tri-

166 1203 301 1267 dentinis
322 1219 399 1264 sess.
415 1204 453 1262 22
469 1199 509 1261 do
529 1195 656 1262 reform.
673 1217 700 1260 o.
717 1201 747 1276 8,
763 1198 897 1278 probata
918 1201 965 1262 est
979 1205 1011 1262 et
1024 1217 1097 1263 oon-

88 1403 89 1407 ,
166 1299 380 1472 ssrssagapecies.
398 1392 458 1451 Pro
480 1388 660 1452 diversitate
681 1389 823 1468 peouniae
847 1389 932 1452 unde
952 1394 1098 1453 oonstant

166 1494 197 1553 et
211 1506 282 1569 quae
296 1491 406 1550 mutuo
422 1485 525 1563 datur,
538 1488 569 1548 et
582 1503 639 1564 pro
655 1483 841 1553 diversitate,
850 1484 937 1547 modi
950 1503 1013 1566 quo
1032 1504 1099 1548 mu-

165 1590 218 1650 tuo
234 1585 328 1646 datur
341 1588 373 1644 et
385 1581 570 1657 restituitur,
588 1580 834 1661 distinguuntur.

206 1684 237 1744 1⁰
251 1678 321 1742 Alia
342 1678 515 1741 oonsistunt
537 1676 569 1737 in
592 1679 758 1739 numerata
777 1675 926 1756 pecnnia,
945 1680 1099 1757 tanquam

166 1777 293 1857 publiea
307 1774 429 1850 aeraria,
449 1773 511 1836 alia
525 1774 558 1834 in
572 1773 696 1835 oumulo
711 1772 860 1837 frumenti
873 1777 1027 1855 tanquam
1039 1795 1099 1856 pu-

166 1874 250 1934 bliea
263 1873 389 1933 horrea.

205 1974 237 2031 2⁰
251 1969 321 2030 Alis
334 1967 507 2047 pecuniam.
521 1972 553 2028 et
566 1965 759 2029 frumentum
767 1966 866 2047 gratis
880 1968 1007 2030 omnino
1023 1987 1099 2048 pau·

164 2065 293 2144 peribus
307 2062 499 2126 distribuunt
513 2062 594 2126 adeo
609 2067 644 2126 ut
654 2062 812 2125 debitores
825 2063 869 2124 nil
883 2063 966 2128 ultra
980 2071 1100 2129 sortem

164 2160 328 2224 restituero
343 2162 519 2222 teneantur.
536 2159 607 2222 Alia
630 2159 750 2238 speeies
778 2162 826 2222 est
846 2176 960 2222 eorum
974 2161 1029 2224 ubi
1042 2181 1099 2243 pe-

165 2257 258 2320 eunia
270 2257 321 2320 vel
330 2256 523 2318 trumentum
536 2273 575 2316 ex
589 2256 658 2335 lege
673 2254 871 2319 distribuitur
884 2260 919 2320 nt
932 2257 1017 2320 ultra
1031 2277 1100 2322 sor·

163 2357 228 2418 tem
241 2353 360 2434 aliquid
385 2352 471 2415 aliud
487 2351 627 2414 'reddant
650 2349 819 2429 debitoreS,
837 2369 894 2413 seu
913 2357 1099 2418 mutuatarii

163 2467 220 2530 pro
235 2448 450 2512 ministrorum
472 2446 651 2526 stipendiis,
667 2463 724 2524 pro
741 2445 857 2510 aedium
872 2447 1095 2526 conductione,

164 2548 195 2607 et
208 2563 265 2624 pro
279 2543 400 2610 oeoteris
419 2541 603 2607 necessariis
617 2541 794 2622 sumptibus
817 2542 952 2607 instituti
965 2562 1022 2608 seu
1035 2545 1098 2608 looi

164 2657 218 2716 ΡΠ·
698 2675 700 2679 ’

203 2734 268 2795 vn.
283 2734 316 2794 3⁰
330 2731 421 2810 Lepet
435 2730 539 2811 quibos
557 2740 711 2813 repertur.
728 2763 769 2778 -
790 2734 821 2794 t⁰
839 2730 983 2794 Mutuum
1001 2733 1096 2798 datur

163 2828 266 2890 solum
281 2845 380 2909 usque
395 2827 437 2890 ad
460 2829 579 2890 certam
599 2828 808 2908 quantitatem
822 2831 934 2891 utnon
956 2828 1097 2911 loeuple-

161 2925 244 2988 tibus
259 2924 316 2986 sed
330 2923 439 3004 egenis
457 2922 618 3003 inserviat
636 2923 769 2986 Undesi
790 2926 915 3004 petatur
936 2926 1019 2990 ultra
1042 2927 1097 2989 de-

160 3022 361 3084 terminatam
376 3020 594 3102 quantitatem,
607 3019 785 3082 neoessaria
796 3023 844 3083 est
853 3019 1000 3102 Episoopi
1014 3022 1096 3104 ejus-

161 3135 221 3196 que
242 3118 398 3198 generalis
419 3115 538 3195 vioarii,
556 3118 612 3179 aut
640 3114 769 3180 alterius
793 3117 848 3198 qui
865 3119 965 3182 monti
982 3124 1097 3200 praeest

157 3211 378 3294 licentiaque
393 3213 501 3276 danda
516 3229 578 3275 non
594 3216 641 3276 est
655 3212 709 3275 ubi
724 3213 800 3293 quid
815 3232 853 3276 ex
863 3231 901 3276 ea
915 3214 1095 3278 detrimenti

156 3306 278 3365 caeteris
292 3306 485 3386 pauperibus
499 3306 598 3387 possit
613 3306 774 3372 obvenire.

195 3405 226 3460 2⁰
239 3400 418 3465 Mutuatarii
433 3403 507 3465 dare
522 3403 639 3468 debent
651 3405 765 3486 pignus
781 3403 925 3474 aMontis
940 3405 1089 3468 ministris

156 3489 393 3556 custodiendum
414 3514 470 3574 pro
490 3496 635 3560 cautione
661 3501 812 3564 mutuetae
833 3500 996 3580 paeouniea.
1013 3501 1087 3580 Pig-
