2476 4022
161 293 200 352 rs
368 297 594 347 msrrrumouus
615 297 698 360 rums
720 287 887 344 ennomus·

162 447 311 529 temporis
331 447 385 514 illa
404 445 550 508 solemnis
571 444 687 506 oblatio
705 405 797 524 penis
811 447 843 507 et
857 445 922 506 vini
941 444 1096 523 defuerit,

163 565 231 609 mos
244 545 459 608 increbescere
478 541 570 621 caepit
583 539 735 603 offerendi
748 559 805 618 pro
825 543 991 603 Missurum
1010 543 1100 604 cele-

162 642 305 705 bratione
326 639 453 722 aliquod
473 637 663 717 stipendium
677 640 712 700 nt
724 636 807 698 illius
827 637 957 718 largitor
976 639 1099 700 erube.
1220 623 1221 654 ³

163 741 286 802 rentem
313 734 456 799 sacrificii
482 734 618 798 fructum
640 735 672 795 iu
696 753 729 796 se
750 733 889 814 aliosque
918 734 1096 798 derivaret.

165 837 228 898 Nec
247 838 370 897 tantum
390 831 517 895 obolum
532 832 582 894 vel
597 830 787 910 stipendium
804 832 979 894 offerebant
999 835 1099 896 toties

165 934 286 1014 quotics
300 928 395 992 Missa
404 930 485 990 soret
493 925 693 1000 celebrande,
705 928 760 988 sed
775 927 944 1007 aliquando
960 928 1099 990 fundum

165 1029 302 1109 aliquem
317 1022 520 1105 assignabant
534 1025 568 1084 ut
582 1020 702 1102 exejus
716 1023 890 1085 redditibus
905 1026 1009 1085 cartus
1023 1025 1099 1086 Mis-

165 1141 271 1186 sarum
303 1138 452 1182 numerus
474 1119 507 1180 iu
530 1120 717 1198 perpetuum
748 1119 971 1181 celebraretur.
997 1120 1098 1200 Atqui
1221 1173 1222 1176 ,

165 1225 254 1283 vetus
267 1219 322 1281 illa
335 1216 499 1296 disciplina
512 1213 689 1278 rationabili
705 1219 736 1278 et
749 1215 809 1294 piae
823 1215 1027 1282 fundatorum
1036 1235 1099 1278 vvo-

165 1317 279 1379 luuteti
305 1313 483 1378 satisfacere
511 1329 577 1373 uon
602 1314 748 1390 poterat:
779 1329 854 1391 ergo
882 1313 999 1372 sensim
1027 1309 1097 1372 sinc

166 1431 259 1474 sensu
274 1411 392 1474 factum
406 1413 454 1472 est
467 1414 502 1471 ut
515 1408 630 1488 singuli
646 1407 825 1469 sacerdotes
839 1405 969 1487 singulis
983 1406 1098 1468 diebus

166 1494 314 1588 privatim
330 1505 535 1567 celebrarent.

208 1601 270 1664 Sed
285 1618 348 1661 non
362 1599 433 1660 ideo
453 1598 615 1660 abolendae
638 1603 728 1659 erant
741 1598 842 1660 Missae
861 1597 1014 1676 publicae:
1031 1599 1097 1658 imo

167 1698 208 1759 ad
223 1699 370 1759 decorem
384 1696 688 1771 rituumsaororum‚
705 1695 747 1756 ad
762 1694 927 1756 utilitatem
940 1692 1094 1770 fidelium,

166 1793 207 1854 cd
228 1793 315 1854 velut
335 1792 502 1872 vestigium
525 1791 640 1854 veteris
664 1789 852 1869 discipline,
874 1789 978 1852 adhuc
1001 1789 1097 1850 hodie

166 1889 268 1950 Missa
291 1888 446 1951 solemnes
468 1886 668 1948 celebrantur
691 1905 763 1950 cum
784 1890 877 1948 cantu
902 1888 933 1948 et
950 1885 1097 1965 pluribus

166 1983 326 2059 ministris,
343 1982 489 2044 videlicet
512 1981 645 2044 diacono
669 1986 700 2044 et
723 1981 932 2057 subdiacono,
949 1981 1000 2042 vel
1023 1998 1097 2041 cum

167 2082 260 2140 cantu
275 2081 407 2154 tantum,
420 2078 476 2139 sed
491 2067 558 2140 sine
572 2077 721 2138 ministris
736 2077 843 2138 sacris.
855 2075 1021 2138 Atveteris
1035 2076 1097 2136 dis-

166 2172 288 2252 ciplinae
312 2173 480 2252 vestigium
503 2173 700 2252 potissimum
723 2171 825 2233 elucet
842 2171 875 2232 in
897 2170 997 2233 Missis
1018 2188 1098 2249 quas

167 2269 402 2331 cathedralibus
417 2267 555 2332 ecclesiis
570 2268 730 2331 celebrant
748 2266 886 2348 episcopi
901 2267 1096 2342 solemniter,

167 2365 221 2426 nbi
237 2365 311 2428 licet
328 2366 433 2427 adhuc
452 2363 567 2428 intueri
591 2365 710 2426 olerum
733 2362 987 2425 circumstantem
1005 2361 1098 2440 juxta

166 2462 270 2522 varios
285 2461 516 2523 ordinessacris
526 2460 666 2522 vestibus
680 2459 826 2524 indutum
837 2461 867 2520 et
876 2458 973 2520 variis
982 2457 1097 2519 officiis

167 2555 344 2631 subditum,
368 2554 421 2615 nbi
448 2555 522 2616 licet
549 2555 652 2615 adhuc
674 2554 784 2615 audire
808 2555 989 2634 episcopum
1013 2553 1098 2614 iuter

167 2647 332 2710 Missurum
352 2647 504 2709 solemnia
524 2647 737 2726 alloquentem
761 2648 928 2726 populum,
950 2646 1096 2727 quamvis

166 2743 345 2805 commuuio
368 2742 480 2823 populi·
498 2743 599 2805 rarior
622 2743 772 2820 evaserit,
789 2762 888 2823 quum
909 2743 1007 2822 possit
1027 2742 1098 2805 aliis

167 2837 383 2901 occasionibus
396 2838 477 2900 fieri.
958 2859 962 2866 ·

207 2934 357 2997 Institutis
377 2935 532 3015 parochiis
553 2935 712 2998 adinstar
732 2924 970 3014 episcopatuum
991 2933 1097 3015 quoad

167 3034 332 3109 paternam
346 3028 453 3108 populi
468 3047 587 3106 curam,
604 3029 645 3089 ed
660 3028 758 3090 instar
772 3027 867 3090 etiam
881 3028 975 3108 hujus
994 3028 1097 3089 Missae

167 3125 315 3188 solemnis
338 3126 480 3188 instituta
500 3131 548 3185 est
570 3124 658 3186 Missa
681 3123 873 3204 paroehialis,
891 3143 960 3204 qnae
985 3125 1097 3186 diebus

167 3219 331 3281 dominicis
354 3225 471 3284 statute
493 3220 572 3283 hora
595 3219 772 3302 celebretur
795 3238 867 3282 cnm
888 3219 1096 3298 explicatione

168 3315 335 3392 evangelii.

207 3412 248 3472 At
262 3429 359 3492 qnnm
374 3412 450 3472 nihil
464 3416 529 3474 tam
543 3415 686 3475 sanctum
700 3412 740 3474 sit
755 3412 787 3473 in
801 3412 885 3492 quod
900 3430 962 3474 non
977 3412 1098 3491 possint

168 3507 284 3570 abusus
303 3507 452 3585 irrepere,
468 3509 634 3587 postquam
655 3508 814 3570 ordinaria
827 3508 910 3571 lacta
924 3511 973 3570 est
985 3507 1098 3572 Missa-
