2504 4024
352 321 391 366 nn
412 321 541 368 oetacro
561 324 642 372 rums
664 326 818 374 uiuorum.
1010 323 1048 380 97

117 459 176 522 dia
192 467 261 522 sunt
272 461 527 544 assignatarum
541 465 637 528 vitam
655 475 814 548 caperent,
834 474 1049 554 percipiebant

116 571 157 613 ex
172 555 214 615 iis
226 555 340 618 fruetus
358 557 547 639 temporales
566 563 607 623 ad
626 564 674 624 sui
692 567 962 630 sustentationem.
984 573 1047 633 Sed

114 649 196 712 licet
209 653 290 713 varia
304 658 387 717 esset
401 655 506 734 quoad
521 656 589 718 baee
603 657 778 737 disciplina,
793 661 853 722 hoc
863 663 1048 726 servabatur

115 749 152 805 ut
167 765 231 807 una
240 765 310 808 cum
321 749 468 810 ordinum
477 751 643 813 collatione
655 753 749 814 etiam
760 754 896 817 officium
905 758 1043 837 daretur,

115 845 149 902 et
160 841 213 921 jus
226 843 265 912 ad
279 845 549 924 sustentationem,
562 865 620 908 nec
634 847 701 910 sine
716 850 776 911 hoe
790 851 881 914 titulo
893 853 1045 917 ordinatio

116 935 346 1000 admitteretur.

159 1031 237 1092 Saee⁰
251 1048 297 1093 ΧΠ
312 1031 461 1112 distingui
476 1034 571 1114 eoepit
592 1035 716 1098 collatio
736 1038 829 1100 offleii
847 1041 1044 1105 acellatione

114 1127 260 1188 ordinum
286 1147 292 1190 :
317 1127 390 1190 inde
411 1128 528 1190 abusus
548 1129 722 1209 irrumpere
744 1135 875 1212 alicubi,
900 1140 935 1198 ut
955 1137 1045 1198 multi

113 1241 235 1284 sacram
249 1223 479 1288 ordinationem
493 1229 646 1305 peterent,
664 1233 695 1290 et
708 1229 748 1290 ab
763 1232 965 1294 oscitantibus
980 1232 1044 1311 api-

112 1320 214 1398 seopia
234 1325 512 1399 consequerentur,
536 1339 595 1383 nec
616 1321 790 1385 officiorum
813 1344 976 1387 sacrorum
998 1328 1043 1387 in·

113 1415 203 1492 tuitu,
220 1424 279 1476 ne'c
294 1433 367 1476 cum
381 1415 487 1478 debita
501 1416 682 1479 reddituum
696 1420 915 1499 applicatione.
937 1423 1044 1482 Perni-

113 1511 197 1572 ciosa
226 1511 295 1572 haec
323 1513 392 1572 erat
420 1509 584 1589 disciplina
611 1513 676 1574 sive
705 1514 745 1576 ob
773 1516 871 1578 otium
898 1535 918 1576 a
945 1515 1042 1576 saeris

111 1607 301 1685 ministeriis,
324 1610 355 1668 et
374 1609 541 1686 propterea
562 1608 602 1670 ob
621 1609 829 1690 indigentiam
847 1630 1042 1692 consequen-

110 1707 174 1763 tem
196 1702 391 1764 clericorum.
417 1699 462 1763 lt¹.
489 1705 548 1763 P‘⁸.
572 1704 750 1767 Alexander
770 1709 811 1768 ΙΙΙ
830 1713 863 1768 e't
876 1709 981 1768 Innoc.
999 1709 1040 1768 ΙΙΙ

110 1797 195 1859 hisee
205 1797 356 1858 abusibus
366 1796 563 1874 obstiterunt,
575 1799 689 1862 aeriter
698 1802 921 1866 contendentes
933 1805 967 1864 nt
976 1803 1042 1880 spi-

110 1895 187 1955 ritus
207 1893 397 1955 retineretur
417 1893 553 1972 antiquae
573 1893 756 1975 disciplinae.
779 1897 939 1978 Quidquid
958 1904 1041 1959 esset

109 1989 147 2050 de
174 1988 270 2050 medo
298 1987 481 2049 conferendi
508 1987 601 2050 officii
629 1993 721 2068 sacri,
751 1993 801 2053 vel
829 1992 975 2054 videlicet
1005 1992 1038 2052 in

108 2087 254 2146 concrete
275 2087 306 2146 et
327 2084 544 2160 determinate,
564 2085 615 2145 vel
634 2086 675 2146 ad
689 2086 812 2148 libitum
826 2087 966 2166 episcopi
980 2105 1036 2166 pro

107 2181 240 2243 utilitate
255 2173 306 2240 uel
325 2178 509 2241 necessitate
530 2178 696 2252 Ecclesiae3
721 2180 874 2259 quidquid
897 2185 978 2242 esset
998 2182 1037 2243 de

107 2280 178 2338 actu
200 2274 381 2341 conferendi
401 2274 643 2336 determinatum
662 2273 790 2353 aliquod
811 2273 949 2334 officium
971 2276 1037 2336 sive

107 2374 178 2432 ante
192 2371 259 2432 sive
271 2373 345 2448 pest
358 2369 587 2431 ordinationem
608 2389 615 2430 :
636 2371 763 2431 voluere
784 2373 818 2431 ut
837 2368 909 2430 vitae
929 2385 1037 2430 neces-

106 2465 188 2525 saria
216 2465 418 2542 suppeterent
444 2461 485 2523 ad
513 2462 610 2523 vitam
639 2463 767 2524 honeste
795 2461 1032 2523 traducendam.

106 2559 194 2630 Quod
210 2558 391 2621 siredditus
404 2559 445 2618 ad
460 2560 627 2636 honestam
647 2558 905 2621 sustentationem
924 2567 962 2619 e'x
979 2558 1036 2620 be-

105 2655 215 2716 neficio
230 2654 341 2716 baberi
353 2672 416 2715 non
430 2657 568 2734 possent,
585 2653 696 2714 saltam
715 2674 753 2716 ex
770 2655 862 2717 bonis
883 2657 1033 2734 patrimo·

105 2749 238 2811 nialibus
253 2749 394 2830 ejusdem
409 2749 513 2811 elerici
528 2739 714 2813 haberetur.

142 2846 218 2907 Inde
245 2845 354 2914 titulus
382 2845 586 2908 ordinationis
614 2847 805 2908 considerari
833 2848 1033 2927 potissimum
1143 2859 1146 2864 '

102 2942 187 3003 visua
211 2945 259 3003 est
281 2945 426 3020 respectu
450 2941 491 3003 ad
514 2941 655 3004 redditus
680 2943 792 3022 quibua
815 2944 1033 3005 sustentationi

104 3037 287 3099 elericorum
300 3035 537 3117 provideretur3
554 3039 609 3099 sed
631 3044 746 3117 praeter
767 3039 892 3101 titulum
912 3040 1033 3099 benefi-

103 3134 141 3196 cii
155 3133 256 3194 titulos
267 3135 443 3214 patrimonii
459 3134 613 3196 admissus
636 3140 683 3195 est
702 3143 854 3215 tauquam
876 3134 1030 3194 subsidia-

101 3231 174 3292 rius.
201 3230 291 3302 Quod
320 3231 346 3290 si
369 3230 550 3310 contigisset
572 3231 754 3310 episcopum
784 3229 851 3289 sine
879 3229 1030 3291 alterutro

100 3325 188 3386 titula
210 3324 358 3386 clericum
384 3326 541 3401 ordinare,
570 3327 637 3404 ipse
666 3326 827 3386 teneretur
848 3323 1026 3396 ordinatum

102 3419 187 3480 titulo
202 3420 287 3480 alere
310 3419 411 3483 donec
432 3421 484 3482 ille
507 3421 547 3481 de
571 3421 676 3500 alique
697 3420 787 3491 titulo
807 3419 1024 3498 provideatur.

14 3485 16 3564 l
99 3517 330 3596 Consequenter
344 3520 376 3580 et
388 3519 554 3598 pensiones
567 3521 730 3596 perpetuae
745 3534 783 3578 ex
802 3517 908 3597 aliquo
931 3517 1026 3577 bene-

204 3627 269 3668 rou.
290 3629 323 3667 11.
905 3616 920 3666 t
