2548 4020
390 319 429 364 nn
451 320 578 368 OBJECTO
599 323 680 369 turus
703 324 857 372 cruorum.
928 305 931 312 ¹
1029 317 1084 376 ΓΠ

156 465 260 526 Sixtus
273 466 299 526 V
310 464 436 526 videtur
450 465 609 526 declarare
624 469 774 546 tanquam
785 467 872 531 irrita
886 471 1085 534 matrimonia

156 581 223 642 quae
242 562 364 623 fiebant
376 561 409 622 in
423 560 571 640 Hispania
585 564 625 624 eb
640 565 804 635 eunuchis,
820 581 882 626 non
898 568 940 629 ad
953 569 1084 649 simplex

154 659 225 719 vitae
242 657 436 738 adjutorium
457 659 522 719 sine
537 663 683 738 respectu
697 662 739 722 ad
752 661 909 742 copulam,
925 664 981 724 sed
1001 684 1083 744 prae-

154 755 232 830 cise,
254 753 295 814 ad
319 753 415 814 finem
446 754 557 815 nefarii
588 755 823 818 concubinatus.
852 759 1006 820 Gaeterum
1034 781 1083 824 res

152 850 284 928 periculi
298 849 392 927 plena
406 857 461 927 est,
479 855 510 912 et
524 850 635 913 saltem
649 852 817 914 universali
825 851 978 917 'Ecclesia
994 860 1085 936 praxi

153 951 319 1024 receptum
341 947 480 1023 videtur,
505 946 589 1027 qnod
614 947 688 1008 talia
710 950 910 1012 matrimonia
932 952 1084 1030 tanquam

151 1042 240 1103 nulla
262 1042 448 1120 habeantur,
466 1045 564 1124 etqui
585 1045 629 1106 sic
651 1047 863 1110 contraxerint
883 1053 1079 1129 separentur.

151 1141 220 1200 Hoc
243 1146 350 1201 autem
373 1159 436 1220 qna
458 1141 625 1219 prudentia
645 1143 716 1218 fiat,
741 1145 812 1207 vide
836 1146 921 1225 apud
945 1147 1080 1225 Giraldi,
1171 1161 1174 1168 '

150 1235 286 1298 Berardi
300 1239 332 1297 et
344 1236 422 1299 alios
436 1236 653 1299 communiter.

444 1424 468 1468 G.
482 1423 513 1467 lis
524 1423 702 1478 incompatibilite
713 1427 789 1469 status.

189 1559 302 1620 XXVI.
319 1560 394 1618 'ires
416 1560 488 1618 sunt
508 1559 606 1618 status
627 1556 876 1636 incompatibiles
887 1557 959 1638 jure
974 1562 1081 1640 nostro

148 1673 223 1715 cum
239 1656 321 1716 statu
336 1652 558 1715 matrimoniali
576 1653 774 1732 suscipiendo
790 1659 907 1715 etcum
922 1672 958 1715 eo
973 1655 1083 1718 incon-

147 1749 312 1826 ciliabilcs,
329 1751 373 1810 ita
391 1752 426 1811 ut
444 1748 497 1828 qui
516 1749 548 1808 in
567 1767 633 1810 uno.
652 1767 691 1810 ex
712 1749 749 1810 iis
770 1751 870 1812 tribus
894 1751 1081 1816 constitutus

147 1847 386 1908 matrimonium
400 1847 600 1908 attentaverit
613 1845 727 1924 facere,
744 1849 979 1910 matrimonium
997 1850 1080 1912 illins

145 1942 269 2003 nullum
288 1941 443 2004 habeatur
457 1945 488 2004 et
501 1941 634 2005 irritum.
653 1943 732 2004 Sunt
746 1946 870 2005 autem:
889 1945 994 2006 Status
1008 1947 1081 2006 reli-

146 2040 266 2119 giosus,
283 2041 382 2100 status
396 2037 478 2098 sacri
491 2036 665 2112 ministerii,
682 2040 781 2098 status
800 2038 984 2118 conjugalis,
1002 2057 1081 2118 quc-

144 2155 218 2197 rum
243 2134 362 2214 primus
386 2133 572 2196 solemnium
595 2139 742 2195 votorum
765 2133 975 2212 professione,
1001 2134 1080 2198 alter

144 2232 229 2293 sacri
251 2233 282 2292 et
304 2229 433 2310 majoris
457 2230 575 2292 ordinis
598 2231 812 2310 susceptione,
835 2229 946 2290 tertius
970 2233 1080 2293 matri-

144 2327 244 2390 monii
258 2327 468 2389 celebratione
482 2327 698 2407 inauguratur.

184 2425 309 2486 Primus
323 2430 355 2484 et
368 2423 449 2485 alter
468 2426 568 2484 status
588 2427 661 2486 sunt
681 2422 826 2501 perpetui
841 2421 983 2502 (excepto
1004 2439 1079 2483 casu

143 2515 420 2579 saecularizationis
436 2517 486 2578 vel
500 2515 744 2595 degradationis,
758 2516 813 2576 sed
825 2515 893 2576 haec
907 2533 964 2577 suo
978 2515 1075 2596 looo);

143 2615 255 2677 tertius
278 2614 430 2692 perdurat
454 2613 615 2693 usquead
640 2613 737 2675 vitem
760 2611 889 2674 alterius
917 2612 1074 2694 conjugis3

143 2711 199 2772 sed
214 2727 323 2771 omnes
337 2709 511 2787 respective
522 2709 562 2770 ad
574 2709 743 2789 quamdam
757 2711 852 2771 fidem
862 2710 911 2772 v'el
920 2709 1076 2791 religioni,

142 2806 191 2867 vel
206 2804 367 2882 Ecclesia,
384 2805 434 2866 vel
449 2804 576 2885 conjugi
594 2807 795 2884 servandum,
811 2807 856 2868 ita
870 2811 905 2869 ut
918 2809 1077 2869 matrimo-

143 2904 231 2964 nium
245 2904 434 2964 attentatum
455 2901 575 2963 nullum
589 2901 639 2964 sit.
657 2901 722 2963 Sub
737 2903 797 2964 hoc
812 2903 913 2981 capite
935 2921 1010 2981 ergo
1025 2922 1076 2964 re-

142 2999 301 3060 ducuntur
315 3015 354 3060 ea
367 2997 593 3076 impedimenta
613 2998 792 3061 dirimentia
806 3015 883 3077 quae
906 2997 1072 3059 dicuntur:

142 3097 270 3171 Votum,
288 3093 377 3171 crdo,
394 3094 543 3174 ligamen.
1042 3117 1044 3123 ·

245 3263 272 3301 1⁰
283 3255 316 3301 De
328 3257 479 3314 impedimento
490 3259 544 3310 voti,
555 3271 592 3302 seu
603 3257 631 3302 de
638 3261 697 3300 stota
707 3257 811 3311 religioso
823 3255 933 3300 inordina
943 3255 974 3300 ad

521 3328 689 3371 matrimonium.

182 3437 305 3499 XXVII.
318 3435 390 3497 Fuit
399 3435 563 3514 problema
576 3431 843 3514 pseudo-politicis
855 3433 952 3512 elapsi
966 3434 1073 3497 saeculi

143 3530 324 3610 insolubile,
354 3531 587 3615 quomodonam
618 3529 797 3615 promoveri
829 3535 934 3613 posset
965 3531 1073 3610 populi
