2548 4020
148 291 207 354 226
355 302 687 348 111111111111111111
709 302 863 349 11111111.

148 449 197 510 111
209 465 332 528 sponsae
348 447 468 507 scilicet
482 445 616 522 assistat,
629 438 751 507 etiamsi
766 446 891 508 assistat
904 451 993 510 extra
1006 467 1078 528 pro-

147 544 247 621 priam
261 543 455 621 parochiam,
473 545 527 603 aut
540 542 573 602 in
593 541 695 603 alieno
716 542 810 603 etiam
831 542 980 619 dioecesi;
1003 563 1077 606 cum

146 641 214 702 baec
228 639 416 716 assistentia,
434 643 468 701 ut
483 638 613 716 dicium,
631 657 693 701 nou
714 639 754 701 111
774 643 863 702 actus
883 639 1077 720 jurisdictio·

146 735 205 812 nis,
221 733 332 797 saltem
346 733 409 794 fori·
420 734 617 810 contentiosi,
635 735 688 814 qui
703 739 792 795 extra
811 735 973 814 propriam
996 736 1076 798 dioe-

146 832 243 894 cesim
257 830 394 892 exerceri
411 849 473 892 non
488 832 601 908 possit;
619 832 781 910 probabile
795 835 902 894 tamen
917 837 975 908 est,
991 833 1077 913 quod

146 930 217 991 talis
241 927 397 1007 parochus
420 932 509 991 extra
532 927 693 1005 propriam
715 927 899 1005 parochiam
926 927 1077 989 assistens

146 1025 356 1102 matrimonio,
373 1025 401 1084 si
414 1024 594 1086 solemniter
612 1023 737 1086 assistat
757 1025 824 1084 sine
846 1023 973 1085 lieentia
993 1023 1077 1084 ordi-

146 1124 236 1202 narii,
253 1125 304 1186 vel
318 1124 448 1202 parochi
463 1123 535 1200 loci,
551 1127 671 1202 peccet,
688 1128 720 1186 et
734 1123 838 1203 puniri
853 1123 962 1202 possit,
979 1141 1077 1202 prop-

145 1227 194 1285 ter
207 1221 402 1300 scandalum,
420 1221 505 1302 quod
519 1225 623 1301 potest
644 1220 731 1298 dare,
757 1221 926 1283 involando
949 1221 982 1282 in
1006 1222 1077 1283 offi-

145 1318 230 1381 cium
244 1318 384 1381 alterius

186 1417 235 1478 Ad
250 1416 375 1478 tertiam
390 1415 596 1497 quaestionem
610 1415 705 1478 etiam
714 1415 782 1496 jam
796 1433 993 1495 responsum,
1009 1432 1076 1476 mo-

146 1511 246 1572 ralem
260 1499 291 1571 et
306 1511 476 1571 humanam
493 1509 608 1571 debere
621 1525 691 1570 esse
708 1510 910 1588 prasentiam
930 1511 1073 1588 parochi,

146 1610 177 1668 et
189 1607 316 1668 testium
330 1606 363 1666 iu
378 1623 453 1667 casu
467 1605 562 1667 validi
576 1605 778 1683 matrimonii,
790 1610 825 1668 ut
834 1606 1073 1684 sciantscilicet,

146 1706 177 1764 et
191 1701 368 1778 advertant,
386 1702 461 1780 quid
476 1705 600 1780 agatur,
617 1703 683 1764 sive
698 1719 773 1764 casu
793 1707 916 1765 tantum
936 1702 1076 1765 interve-

146 1797 259 1872 nerint,
276 1799 342 1858 sive
357 1797 509 1874 volentes,
533 1797 598 1858 sive
621 1797 709 1859 inviti
732 1798 891 1874 intersint,
914 1798 979 1860 sive
1001 1816 1076 1878 pro-

145 1895 214 1972 prio
229 1911 324 1956 sensu
340 1895 411 1971 boc,
429 1893 513 1973 quod
528 1894 643 1972 agitur,
665 1894 840 1970 advertent,
863 1895 928 1956 sive
949 1913 1007 1974 per
1025 1895 1076 1956 in-

144 1995 315 2070 terpretem
329 1989 516 2072 intelligant,
529 1991 573 2052 ita
587 1994 622 2052 ut
636 2005 698 2052 non
713 1990 849 2053 sufficiat
861 1992 927 2052 sola
941 1990 1076 2070 physica

143 2088 322 2168 praesentia,
339 2105 409 2167 quae
424 2087 502 2147 nihil
517 2104 637 2162 eorum,
661 2105 731 2167 quae
752 2092 900 2168 aguntur,
925 2087 1073 2164 advertit,

144 2203 246 2264 neque
262 2183 799 2265 111111111111111111111111111,
826 2186 880 2264 qui
899 2202 961 2245 non
983 2183 1075 2247 adest

144 2300 232 2344 more
247 2283 385 2344 humano
401 2279 589 2360 intelligens,
606 2280 656 2340 vel
669 2279 811 2341 indicans
826 2280 901 2361 quid
913 2281 979 2342 liat.

183 2380 260 2440 Duae
275 2367 473 2457 potissimum
486 2390 579 2456 poecu
593 2377 666 2436 sunt
676 2375 864 2437 matrimonii
874 2374 1071 2438 clandestini.

142 2473 248 2534 Prima
276 2477 334 2546 est,
365 2473 450 2554 quod
476 2471 531 2532 filii
560 2489 598 2532 111
626 2488 663 2532 11
691 2471 789 2552 geniti
816 2472 878 2534 sint
905 2471 1070 2552 illegitimi,

144 2571 286 2650 quamvis
304 2571 389 2631 bona
408 2571 481 2647 lide,
503 2570 684 2650 ignorantes
704 2570 752 2630 sui
770 2569 962 2630 matrimonii
983 2571 1074 2632 nulli-

141 2667 249 2740 tatem,
265 2668 412 2743 parentes
425 2665 650 2742 contraxerint,
666 2665 740 2726 licet
754 2666 837 2726 enim
854 2665 888 2726 in
906 2665 976 2727 aliis
994 2666 1074 2728 casi-

142 2760 212 2835 bus,
232 2759 286 2820 ubi
307 2765 436 2839 propter
456 2761 719 2841 impedimentum
741 2761 890 2822 dirimens
909 2763 1074 2824 matrimo-

142 2853 239 2931 nium,
256 2853 393 2916 invalide
408 2854 548 2934 quidem,
572 2853 655 2916 bona
675 2859 782 2918 temen
802 2856 865 2917 fide
886 2857 1069 2938 conjugum,

142 2956 196 3015 aut
219 2953 310 3014 nnius
334 2950 496 3032 conjugis,
522 2969 614 3012 snum
642 2952 902 3032 impedimentum
924 2951 1079 3034 ignorem?

140 3050 231 3127 tium,
246 3049 416 3129 praemissis
429 3051 537 3110 tamen
551 3048 850 3127 denuntiationibus,
874 3053 1071 3113 contractum

141 3148 209 3226 luit,
225 3148 316 3210 liberi
330 3167 368 3210 ex
382 3148 437 3212 tali
452 3149 653 3212 matrimonio
668 3151 766 3230 geniti
783 3149 915 3230 legitimi
933 3151 1071 3212 habean-

139 3243 202 3316 tur,
218 3241 251 3301 iu
265 3241 407 3303 favorem
430 3241 521 3306 bonae
541 3242 627 3321 iidei,
649 3241 741 3322 juxta
763 3261 791 3306 c.
817 3245 862 3305 111
885 3250 994 3306 tenore
1019 3248 1068 3307 ll.

142 3334 199 3408 Oui
211 3335 343 3414 [11111111
357 3337 489 3418 lepitimi.
512 3341 545 3400 ln
562 3356 636 3400 casu
651 3345 769 3417 tomen,
792 3359 854 3420 quo
876 3341 1070 3402 clandestine

84 3455 87 3460 ,
141 3431 335 3490 contractum
363 3432 421 3493 fuit
449 3433 584 3511 (omissis
616 3433 735 3497 scilicet
767 3435 1068 3514 denuntiationibus)

141 3524 230 3584 favor
248 3523 298 3583 hic
322 3542 385 3585 non
408 3529 590 3590 conceditur
613 3530 719 3612 liberis
743 3549 781 3592 ex
805 3549 842 3592 eo
865 3533 1067 3594 matrimonio
