2476 4022
371 281 410 324 na
432 278 558 324 cassem
578 279 660 324 rums
683 278 837 326 canonici.
1048 269 1066 326 t

179 448 241 500 511.
259 459 282 492 ra
298 459 343 496 nul
359 457 490 492 aielricus
504 457 540 490 sir
555 457 695 490 ranmcrrro
711 458 735 490 in
752 457 837 492 cantur
853 459 881 492 tn
897 459 1020 494 mazamet

464 527 575 560 occissis
591 528 745 560 mcoronrin.

173 623 227 683 ΙΙΙ.
246 620 311 683 Sub
332 621 391 681 hoc
406 625 550 699 respectu
570 620 800 682 consideranda
817 627 865 682 est
885 623 1066 701 praedicatio

127 723 246 784 tamin
261 721 373 782 ordine
394 720 433 781 ad
448 720 537 799 finem
559 719 611 781 cui
629 718 749 780 direma
767 724 815 782 est
833 721 983 799 Ecclesia,
999 726 1066 786 tum

128 819 162 880 in
179 817 291 878 ordine
306 817 347 877 ad
360 835 498 894 personas
512 816 552 877 de
566 817 718 877 Ecclesia.

171 909 220 970 Ad
236 909 375 986 primum
390 909 474 989 quod
489 912 620 988 spectat,
637 928 694 987 pro
711 909 905 973 theoremate
921 911 1066 990 ponimus

129 1004 392 1084 praedicationem
406 1003 515 1065 referri
531 1004 571 1065 ad
586 1005 681 1065 linem
693 1005 844 1068 relatione
859 1007 1064 1070 necessitatis.

130 1101 224 1173 Quod
246 1119 284 1161 ex
305 1101 446 1178 apostolo
466 1100 624 1178 colligitur
643 1100 758 1181 (Rom,
774 1120 805 1180 x,
823 1103 872 1184 ll)
893 1103 1066 1180 «Oroanda

129 1197 309 1257 invocabant
322 1196 353 1255 tn
367 1213 450 1274 quom
464 1215 521 1254 aon
534 1195 743 1257 crediderant?
761 1197 825 1260 Aut
843 1197 983 1278 quomodo
1001 1218 1065 1260 cre-

128 1290 200 1353 dent
222 1290 251 1351 et
271 1309 356 1369 qoem
378 1308 436 1350 noa
458 1289 637 1350 audierant?
661 1291 805 1366 montedo
828 1301 925 1354 nutem
948 1293 1066 1356 audient

128 1387 193 1446 sine
203 1382 410 1465 praedicante?
428 1407 442 1442 a
466 1384 557 1446 Unde
572 1384 608 1460 si,
626 1384 786 1445 ordinaria
800 1386 924 1446 Domini
940 1405 1067 1449 oecono-

129 1482 206 1558 mia,
217 1482 297 1542 fides
307 1499 379 1541 cum
389 1478 611 1558 praedicatione
622 1480 709 1542 verbi
720 1480 776 1540 Dei
787 1480 974 1557 adnectitur,
986 1482 1066 1544 fides

128 1579 240 1638 autem
262 1573 439 1635 necessaria
463 1573 503 1634 sit
525 1572 566 1633 ad
589 1574 733 1650 salutem,
760 1573 804 1634 sic
828 1577 860 1636 et
882 1574 1064 1653 praedicatio

130 1657 279 1732 eamdem
293 1669 395 1730 induit
407 1669 641 1742 necessitatem
658 1668 741 1729 unde
757 1669 900 1730 videmus
919 1689 980 1730 non
996 1689 1064 1732 esse

129 1761 392 1842 praedicationem
414 1779 482 1822 rem
504 1778 591 1821 mere
620 1762 846 1824 accidentalem
868 1763 900 1824 in
924 1763 1065 1825 Ecclesia

129 1858 187 1920 sed
200 1857 246 1918 illi
262 1857 499 1918 connaturalem
518 1860 550 1918 et
568 1858 778 1919 necessariam
797 1877 833 1920 ae
853 1859 1060 1922 essentialem.

172 1954 262 2026 Quod
278 1971 352 2015 vero
368 1953 408 2014 ad
425 1953 609 2015 relationem
628 1956 749 2032 spectat
768 1973 863 2034 quam
882 1954 978 2017 hahet
992 1973 1064 2016 cum

128 2049 284 2132 personis,
306 2041 424 2110 sithoc
443 2048 631 2127 principium
649 2051 808 2128 generale.
824 2051 1009 2112 Praedioatio
1031 2050 1063 2111 in

128 2145 272 2208 Ecclesia
290 2150 378 2205 actus
399 2147 446 2205 est
463 2143 645 2222 magisterii.
663 2145 877 2224 Magisterium
896 2164 970 2208 vero
989 2163 1063 2226 pars

130 2246 177 2305 est
192 2239 404 2302 connaturalis
419 2238 579 2318 regiminis
594 2240 795 2302 ecclesiastici
808 2241 840 2301 in
856 2247 1009 2320 quantum
1023 2243 1064 2305 ad

130 2333 288 2414 dogmatis
303 2333 574 2395 conservationem
588 2334 744 2412 dirigitur.
754 2334 844 2396 Unde
859 2337 936 2415 quot
945 2340 1018 2399 sunt
1031 2338 1064 2398 in

130 2428 272 2490 Ecclesia
287 2432 439 2506 pastores,
455 2431 502 2490 tot
515 2428 670 2508 magistri,
686 2433 734 2491 tot
747 2429 989 2508 pradicatores3
1006 2450 1063 2511 pro

129 2525 232 2604 gradu
255 2526 286 2585 et
307 2523 482 2603 quantitate
503 2524 677 2586 seeundum
700 2543 796 2605 qnam
815 2527 1004 2606 participant
1024 2526 1063 2589 de

131 2619 319 2681 anctoritate
333 2617 475 2697 regendi,
491 2617 581 2680 itaet
596 2618 635 2678 de
652 2621 837 2682 auctoritate
857 2621 1061 2700 praedicandi.

130 2714 253 2792 Exque
268 2711 431 2773 inferimus
446 2713 610 2790 sequentia
624 2713 820 2776 theoremata
835 2735 842 2775 :

168 2810 221 2871 lV.
240 2811 269 2868 l.
288 2809 447 2867 Romanus
461 2806 602 2885 pontifex
615 2809 731 2888 quippe
746 2809 835 2889 cujus
850 2829 997 2890 suprema
1009 2831 1064 2891 po·

130 2903 226 2964 testas
240 2901 327 2962 nullo
342 2899 403 2961 loci
418 2901 537 2962 ambitu
551 2902 730 2965 continetur
743 2908 775 2965 et
786 2904 819 2964 in
834 2905 1062 2984 plenitudinem

131 2997 310 3076 apostolicae
322 2995 516 3057 auctoritatis
526 2997 677 3074 succedit,
686 2997 738 3078 jus
749 2998 846 3060 habet
855 2998 1060 3077 praedicandi,

131 3091 265 3154 docendi
285 3091 317 3153 in
330 3090 476 3172 universo
492 3092 622 3168 mundo,
638 3095 705 3154 tum
721 3099 755 3154 ut
773 3094 884 3154 fratres
899 3111 972 3154 suos
988 3112 1063 3155 oon-

131 3187 245 3264 firmet,
262 3190 330 3249 tum
352 3189 387 3248 ut
406 3204 521 3247 munus
541 3206 633 3248 suum
654 3191 863 3268 prosequatur
883 3189 915 3250 in
934 3205 1061 3250 conver-

131 3282 215 3345 sione
240 3283 393 3362 gentium.
412 3283 501 3355 Quod
520 3281 573 3363 jus
596 3282 661 3344 sive
685 3301 741 3361 per
764 3301 809 3360 se,
832 3283 897 3344 sive
912 3301 969 3364 per
989 3301 1062 3346 suos

131 3377 293 3460 delegatos
308 3396 453 3440 exercere
469 3378 561 3456 valet,
579 3397 642 3442 non
657 3395 746 3440 secus
761 3397 797 3440 ac
813 3379 1062 3460 jurisdictionem

133 3489 232 3536 suam.
