2504 4024
197 294 255 352 140
402 288 630 351 ntsmrurvouns
650 306 733 352 sums
756 306 909 351 cavamen

234 455 266 510 2⁰
280 449 421 511 Elevevit
431 449 472 510 ad
486 452 716 511 sacramentum
729 451 834 528 ipsum
848 454 1044 513 contractum
1057 470 1125 513 ma-

194 545 341 621 trimonii,
359 549 393 607 ut
407 545 556 624 conjuges
571 564 627 624 per
641 546 700 606 hoo
718 546 858 607 medium
879 547 1032 625 haberent
1049 567 1124 628 gra-

194 643 270 702 tiam
285 640 326 700 ad
338 640 443 720 legem
456 639 543 700 illam
567 639 807 700 observandam.
824 641 879 700 Est
892 643 999 700 autem
1012 659 1019 700 ε
1034 641 1122 702 insta

193 744 221 795 at
241 734 371 812 leqitimo
391 733 627 796 Christianorum
645 733 735 792 moris
753 741 781 793 et
794 732 924 812 famina
944 733 1120 812 conjunctio,

194 829 373 890 indiuiduam
401 829 468 890 uita
496 826 723 888 consuetudinem
751 828 894 906 retineas,
920 827 1055 889 instituta
1081 826 1123 889 ad

192 923 416 1006 siqnificoadam
432 925 565 984 unionem
581 922 696 985 Christi
706 943 769 983 cam
784 923 928 996 Ecclesia,
943 943 1007 983 cam
1020 924 1121 1003 qratia

186 1019 318 1092 vaanenu,
334 1026 396 1077 tam
410 1016 450 1077 od
462 1016 622 1078 amicitiam
636 1015 874 1096 conservandam,
891 1024 951 1097 tam
966 1016 1122 1077 advroiolis

152 1155 156 1166 .
190 1112 418 1194 procreationem
433 1122 461 1172 et
473 1111 677 1173 educationem.
999 1131 1003 1138 ’

231 1211 300 1270 Uno
321 1209 429 1286 verbo,
447 1209 545 1270 voluit
565 1206 705 1268 Christus
725 1212 759 1269 ut
777 1208 1012 1270 matrim0nium
1029 1210 1122 1271 fieret

192 1309 434 1378 sacramentum,
445 1302 500 1362 s'eu
508 1306 703 1362 contractum
713 1302 976 1363 matrimonialem
983 1301 1128 1365 reddidit

192 1401 316 1478 signum
336 1415 461 1458 sacrum
480 1394 824 1475 quod-repraesentaret
843 1395 991 1455 unionem
1005 1395 1122 1456 Christi

191 1512 263 1553 oum
284 1493 438 1568 Ecclesia,
455 1491 598 1570 conjugis
619 1491 842 1566 sanctificaret,
860 1507 1032 1569 eorumque
1055 1492 1121 1551 ani-

189 1608 257 1650 mos
272 1590 440 1650 sustineret
453 1591 484 1650 et
498 1587 670 1648 devinciret
682 1588 715 1647 in
730 1587 838 1649 ordine
854 1587 894 1648 ad
909 1589 1006 1648 finem
1020 1589 1120 1649 sooie-

189 1684 261 1744 tatis
274 1680 457 1760 conjugalis.

227 1781 275 1840 Ita
288 1777 427 1838 Christus
446 1775 623 1836 revocando
642 1776 746 1854 legem
760 1774 801 1834 ad
814 1792 906 1835 ¹suam
925 1775 1121 1854 primitivam

189 1873 425 1949 institutionem,
442 1871 634 1932 sublevando
650 1870 792 1931 homines
810 1870 913 1948 gratia
932 1889 999 1947 sua,
1016 1875 1051 1933 ut
1065 1872 1121 1931 fie-

189 1967 349 2045 rentillius
358 1969 518 2046 implenda
528 1983 671 2044 capaces,
684 1967 872 2028 restauravit
881 1967 1120 2028 matrimonium

188 2063 220 2123 in
234 2061 401 2141 pristinum
415 2080 507 2122 suum
520 2061 664 2140 gradum.
849 2143 850 2146 Ἴ

161 2161 162 2164 ’
226 2163 262 2220 In
285 2179 323 2221 ea
343 2160 516 2223 aeconomia
537 2177 599 2239 qua
620 2160 760 2220 Christus
781 2178 856 2220 usus
879 2160 972 2242 estin
986 2155 1119 2221 humaui

187 2257 312 2338 generis
327 2257 563 2335 Redemptione,
580 2258 615 2315 ut
628 2255 773 2318 videlicet
787 2255 967 2317 immediate
982 2257 1119 2318 sanetifi-

188 2359 274 2417 aaret
293 2370 453 2432 personas,
470 2368 533 2411 non
553 2354 709 2427 naturam,
727 2352 822 2412 etiam
833 2353 867 2412 in
882 2352 1007 2412 homine
1027 2371 1121 2414 sano-

187 2449 315 2523 tificato‚
332 2451 462 2508 manent
480 2464 585 2524 pravae
601 2445 817 2508 inclinationes
832 2461 902 2526 quae
917 2466 987 2508 eam
1001 2453 1118 2511 secutae

187 2545 270 2616 sunt,
283 2543 314 2600 et
328 2541 368 2599 ed
383 2544 548 2618 peecatum
560 2539 723 2616 inclinent,
734 2541 807 2601 lioet
821 2543 951 2618 peooata
965 2559 1027 2601 non
1042 2542 1116 2604 sint.

114 2691 117 2696 .
185 2637 270 2696 Inter
288 2634 345 2693 has
363 2634 466 2714 major
480 2638 527 2697 est
541 2635 794 2714 concupiscentia
815 2635 928 2696 earnis,
945 2637 1119 2714 Propterea

186 2727 421 2790 matrimonium
441 2728 559 2790 factum
580 2733 628 2791 est
645 2731 905 2810 concupiscentiae
926 2733 1114 2810 remedium,

185 2823 223 2882 iis
238 2823 292 2902 qui
311 2839 371 2881 non
396 2820 502 2882 valent
520 2823 606 2901 ipsos
628 2825 798 2902 continere,
820 2833 851 2886 et
868 2832 1037 2904 propterea
1058 2846 1118 2887 nu-

185 2919 262 2979 bant
277 2938 283 2979 :
301 2916 400 2978 melias
415 2916 490 2978 enim
505 2917 614 2980 nabere
628 2939 715 3000 qnam
730 2921 789 2982 aci.

226 3013 460 3076 Sanctificatum
479 3017 526 3075 est
540 3033 615 3094 ergo
635 3016 870 3078 matrimonium
885 3021 916 3079 et
930 3023 1117 3079 revocatum

185 3111 314 3171 insuam
325 3107 508 3189 primaevam
518 3111 727 3185 sanctitatem
742 3112 798 3172 sed
808 3113 840 3172 iu
851 3115 999 3192 corrupta
1010 3115 1117 3175 adhue

186 3207 308 3282 natura,
326 3209 356 3269 et
374 3210 540 3287 propterea
558 3225 577 3268 a
598 3207 851 3286 eoncupiscentia
870 3227 932 3271 non
950 3210 1113 3270 immunis.
