2504 4024
353 285 392 328 nn
414 282 543 328 osrsoro
564 283 646 328 rnurs
668 282 823 330 cluonrcr.
854 253 858 258 ’
996 273 1052 330 lto

164 433 239 493 Gan.
258 432 319 490 12⁰.
339 427 390 506 (Ut
404 430 534 488 caeteros
553 428 695 488 omittam
710 428 763 507 qui
779 429 817 488 ad
833 429 983 508 speciales
1002 447 1055 492 oe-

127 541 177 583 sns
191 519 380 598 referuntur)
399 537 406 577 ε
424 520 456 580 Si
471 519 540 598 quis
555 519 668 581 dixerit
681 539 792 581 causas
807 523 1055 584 matrimoniales

127 636 188 679 non
202 619 344 695 spectare
360 615 400 676 ad
418 615 541 694 judices
562 615 800 692 ecclesiasticos,
818 618 988 679 anathema
1002 621 1051 681 sit.

165 714 316 777 Subtilius
330 730 405 774 vero
419 730 588 792 aggressus
602 713 643 772 M.
668 713 821 774 Antonius
841 713 880 775 de
902 716 1053 793 Dominis,

127 812 239 873 soeculo
260 817 358 885 xv110,
382 809 521 887 archiep.
539 809 750 887 spoletanam,
767 815 798 870 et
812 810 884 870 dein
899 814 1053 890 apostata,

128 907 203 967 dixit
228 925 234 966 :
260 907 337 966 Esse
364 906 590 966 sacramentale
614 923 676 966 non
701 905 862 967 destruere
884 925 952 968 esse
985 925 1043 968 con

129 1004 256 1076 tractus,
283 1003 315 1060 et
335 998 477 1077 proinde,
493 997 567 1060 licet
586 999 733 1060 Ecclesiae‘
754 999 914 1080 subjectus
928 1000 1045 1080 sitque

20 1091 21 1096 ’
129 1099 218 1156 tenus
232 1095 311 1156 ritus
321 1094 566 1170 sacramentalis,
581 1113 642 1155 non
658 1101 764 1157 autem
779 1101 933 1176 quatenus
947 1096 1057 1157 rincu-

129 1193 194 1252 lum
206 1197 387 1252 contractus
402 1195 434 1252 ct
447 1208 629 1252 consensus.

167 1288 326 1348 Launoius
341 1291 376 1348 nt
389 1291 593 1365 componeret
607 1287 784 1348 doctrinam
798 1288 971 1349 Tridentini
987 1306 1059 1348 cum

130 1388 182 1448 illa
196 1386 235 1447 de
254 1387 405 1464 Dominis,
429 1385 507 1448 dixit
527 1386 652 1448 nomine
673 1386 820 1446 Ecclesiae
842 1385 1059 1448 'tridentinum

131 1485 318 1548 intellexisse
332 1486 500 1564 principes,
517 1485 683 1564 relegisse
698 1485 819 1564 dejure
839 1503 901 1546 non
923 1487 1061 1566 origina-

132 1583 176 1644 rio
192 1584 223 1642 et
237 1583 374 1660 proprio,
391 1582 447 1642 sed
466 1581 619 1658 derivato,
637 1583 782 1660 adeoque
800 1599 867 1643 esse
878 1581 931 1661 jus
945 1581 1059 1662 majes-

19 1677 20 1680 ’
131 1677 271 1739 tatinum.

170 1771 280 1831 Plures
293 1771 310 1832 J
314 1770 479 1832 ansenistse
494 1771 600 1832 saeculi
615 1771 722 1850 elapsi,
740 1773 851 1834 cadem
862 1773 936 1852 jura
949 1773 1062 1852 majes-

132 1865 226 1926 tatica
236 1868 434 1942 receperunt,
448 1882 519 1942 quae
530 1869 602 1926 sunt
611 1865 916 1944 impraesoriptibilia,
928 1865 1060 1944 proinde

134 1976 200 2036 quac
216 1962 349 2037 possunt
361 1957 583 2036 aprincipibus
597 1959 750 2020 revocari.
764 1959 828 2020 Sub
839 1958 887 2018 his
899 1958 1059 2034 doctrinis,

133 2059 163 2116 et
182 2056 299 2116 talibus
323 2054 551 2131 defensoribus,
575 2054 692 2134 prodiit
715 2055 869 2134 legislatio
898 2056 1063 2118 Austriaea

133 2152 260 2230 losephi
284 2153 322 2227 ll,
339 2167 421 2210 anno
445 2153 534 2220 1783,
559 2169 621 2230 qua
645 2151 780 2229 cognitio
805 2168 972 2211 causarum
995 2169 1064 2211 ma-

133 2249 346 2308 trimonalium
356 2247 476 2326 judicio
497 2247 621 2326 imperii
643 2247 741 2309 civilis
765 2246 979 2307 committitur.
1006 2249 1063 2308 Re·

133 2343 286 2424 linquitur
308 2343 448 2404 Ecclesia
470 2348 505 2405 ut
523 2344 621 2422 possit
639 2347 799 2422 praecepta
826 2341 972 2422 quaedam
991 2361 1065 2420 pro-

133 2439 267 2502 hibitiva
284 2441 483 2516 constituere,
510 2457 579 2520 quse
603 2441 787 2518 religionem
811 2443 842 2501 et
865 2427 970 2500 mores
993 2456 1066 2518 pro-

132 2541 283 2600 moveant
310 2539 350 2598 ad
379 2538 628 2600 conservandam
652 2539 843 2598 matrimonii
866 2537 1063 2618 dignitatem.

134 2635 284 2713 Synodus
312 2635 508 2707 Pistoriensis
535 2634 648 2696 iisdem
675 2635 836 2713 principiis
859 2633 997 2716 incoepta
1020 2639 1067 2712 est

133 2747 217 2791 anno
233 2731 322 2790 1786.

174 2829 244 2887 Non
261 2826 403 2886 dissimili
416 2827 510 2888 modo
526 2831 556 2888 ct
581 2827 693 2906 gallico
714 2827 821 2889 codice
842 2828 1065 2906 Napoleonicc,

135 2923 238 2982 omnis
252 2922 401 2984 Ecclesia
423 2924 593 2985 auotoritas
611 2926 643 2984 in
663 2925 765 2986 causis
785 2923 1068 2987 matrimonialibus

136 3019 244 3079 ablata
267 3020 331 3096 est,
358 3023 390 3080 et
411 3020 613 3098 magistratus
639 3021 745 3081 civiles
764 3020 910 3100 conjugio
929 3017 1068 3097 praeleeti

137 3116 221 3187 sunt,
239 3129 347 3172 coram
361 3111 476 3191 quibus
491 3113 634 3175 contrahi
650 3113 780 3173 deberet
794 3117 825 3173 ct
838 3111 1007 3172 sufficeret.

180 3207 278 3268 Hodie
293 3209 481 3286 tansenistse
494 3208 624 3270 fraudes
643 3208 822 3286 collapsisse
842 3205 1007 3279 videntur;
1024 3211 1071 3268 at-

140 3304 246 3363 tamen
261 3308 293 3365 et
307 3305 400 3367 hodie
414 3323 477 3367 non
492 3306 607 3368 desunt
620 3307 676 3384 qui
690 3323 729 3365 ex
744 3321 833 3382 aequo
854 3307 965 3383 putent
988 3321 1071 3364 com-

140 3404 247 3475 petere
275 3404 463 3479 potestatem
483 3403 515 3464 in
544 3403 647 3463 causis
675 3400 958 3462 matrimonialibus
986 3401 1072 3479 prin-

19 3527 20 3530 *
142 3497 202 3576 cipi
217 3505 249 3559 ct
262 3499 421 3563 Ecclesiae.

230 3611 295 3650 rou.
316 3612 346 3649 11.
579 3610 582 3615 ·
972 3604 987 3652 o
