2476 4022
359 309 399 354 nn
420 309 547 356 orrarro
567 311 649 357 rums
671 311 825 360 cenoman
1015 301 1054 362 63

126 453 166 514 ab
187 450 328 534 ejusdem
349 450 614 514 administratione
636 453 843 534 distinguere,
868 456 913 518 ita
935 455 1056 535 praebet

126 547 365 608 tundamentum
380 545 420 606 ad
435 545 691 625 distinguendum
702 546 878 610 ministrum
888 566 1055 610 conserva-

125 645 217 707 tionis
239 641 444 706 Eucharistiae
465 660 486 702 a
505 642 646 740 ministro
667 642 809 722 ejusdem
829 642 1054 708 distributionis

124 761 180 804 seu
193 739 483 805 administrationis.
507 741 547 800 Et
565 757 641 800 sane
662 739 826 818 disciplina
844 741 1054 804 ecelesiastica

124 842 285 918 receptum
305 838 419 898 scimus
438 834 608 916 aliquando
627 833 781 896 admissos
799 835 893 898 fuisse
913 837 953 898 ad
971 837 1053 898 illius

124 933 437 1008 administrationem,
468 932 522 1012 qni
549 947 611 990 non
635 935 725 992 erant
748 931 842 1013 hujus
865 933 1054 994 sacramenti

124 1029 329 1092 consecrandi
344 1028 478 1088 ministri
494 1047 501 1087 :
519 1027 587 1088 vice
601 1043 694 1100 versa
707 1026 744 1087 iis
758 1028 927 1108 aliquando
949 1028 1053 1107 prohi-

122 1123 222 1202 bitum
236 1123 333 1184 fuisse
354 1123 414 1183 boc
433 1123 663 1208 sacramentum
684 1121 914 1200 administrare,
938 1123 1052 1203 quibus
1132 1127 1142 1150 ⁰

122 1221 311 1298 permissum
325 1220 394 1278 erat
407 1234 604 1277 conservare.

161 1313 232 1375 Dixi
247 1312 415 1392 aliquando
431 1309 570 1372 admissos
583 1311 673 1390 latire
691 1311 732 1372 ad
751 1311 844 1391 hujus
865 1315 1053 1376 sacramenti

121 1399 424 1468 administrationem
439 1405 569 1484 quinon
585 1409 674 1465 erant
696 1403 829 1466 ministri
846 1404 928 1464 illius
946 1421 1053 1466 conse-

121 1503 280 1564 crationis.
297 1503 337 1564 Et
352 1500 479 1581 quidem
492 1501 559 1560 sine
576 1491 638 1561 ulla
652 1501 853 1582 difficultate:
871 1517 945 1560 nam
956 1519 1052 1580 quum

121 1599 353 1676 administratio
366 1595 460 1676 hujus
475 1597 663 1658 sacramenti
676 1615 739 1658 non
753 1598 793 1660 sit
807 1600 1049 1675 sacramentum,

121 1695 207 1757 nullo
223 1693 317 1755 modo
332 1696 456 1772 poterat
470 1693 587 1773 requiri
601 1693 746 1755 habilitas
765 1696 937 1774 personalis
952 1700 987 1758 ut
1000 1712 1052 1756 va·

119 1791 186 1852 lida
198 1792 290 1853 foret
314 1792 449 1850 Tantum
463 1788 504 1848 ad
527 1788 594 1870 ejus
614 1791 730 1852 licitam
749 1790 1052 1856 administrationem

116 1886 170 1967 jus
194 1888 335 1948 divinum
355 1885 517 1964 requirere
537 1886 704 1948 videbatur
724 1891 758 1948 ut
778 1889 818 1948 ab
838 1889 877 1949 iis
897 1888 1051 1949 ordinatio

120 1985 220 2060 fieret,
252 1983 306 2062 qui
334 1984 437 2042 essent
463 1980 596 2042 ministri
623 1982 737 2044 Christi
764 1987 795 2045 et
821 1983 1052 2063 dispensatores

119 2081 343 2160 mysteriorum
358 2079 424 2138 Dei.
446 2081 514 2138 Non
533 2078 721 2156 prohibebat
741 2099 817 2142 vero
834 2081 887 2160 jus
908 2082 1050 2143 divinum

119 2182 153 2240 ut
174 2175 422 2239 extraordinario
444 2179 550 2253 posset
571 2175 675 2255 aliquo
696 2177 791 2237 modo
812 2177 926 2237 horum
943 2177 1052 2238 minis-

118 2280 239 2336 trorum
255 2270 389 2333 defectui
404 2271 568 2350 supplere,
586 2272 636 2332 vel
651 2271 713 2332 alia
723 2271 810 2350 justa
824 2289 920 2332 causa
934 2271 974 2332 ab
988 2272 1049 2333 alio

119 2369 341 2430 administrari.
358 2366 434 2427 Inde
455 2366 599 2428 videmus
620 2368 729 2445 primis
749 2367 896 2428 Ecclesia
916 2367 1048 2440 saeculis,

118 2466 232 2540 praeter
252 2459 468 2538 Presbyteros‚
489 2461 528 2522 ad
548 2459 729 2540 hujusmodi
748 2461 1050 2524 administrationem

119 2560 149 2618 et
162 2556 312 2636 diaconos
332 2553 497 2630 admissos,
519 2555 583 2616 imo
606 2559 637 2618 et
657 2555 822 2618 inferiores
842 2575 967 2637 quoque
989 2556 1049 2618 ele-

118 2655 217 2730 ricos,
248 2656 280 2713 et
306 2652 402 2713 laicos
430 2652 620 2732 aliquando,
648 2653 711 2714 imo
740 2655 927 2733 permissum
955 2655 1049 2718 etiam

118 2749 210 2812 tuisse
225 2749 313 2812 laicis
328 2751 362 2810 ut
376 2749 440 2810 suis
454 2749 599 2811 manibus
614 2769 648 2810 se
662 2753 940 2816 communicarent.

154 2845 284 2908 Diaconi
306 2845 434 2925 quidem
457 2845 552 2907 veluti
577 2846 615 2907 de
639 2865 769 2908 munere
793 2867 849 2911 suc
874 2854 905 2913 et
927 2851 1047 2913 ratione

117 2961 213 3008 sacrae
229 2943 435 3006 ordinationis
448 2943 481 3006 id
491 2945 693 3022 prastabant
707 2964 769 3026 qua
780 2949 1048 3012 constituebantur
1090 3006 1092 3012 .

117 3039 214 3100 veluti
237 3039 437 3118 coadjutores
461 3043 493 3101 et
515 3040 690 3104 administri
713 3043 983 3122 presbyterorum,
1014 3049 1048 3104 ut

117 3154 179 3212 eos,
196 3134 303 3215 quoad
316 3137 457 3213 ipsorum
477 3135 553 3196 ordo
576 3137 701 3215 sineret,
725 3139 757 3199 in
779 3143 1047 3201 sacramentorum

117 3230 327 3291 celebratione
355 3227 487 3308 aliisque
515 3230 725 3292 functionibus
752 3231 949 3312 adjuvarent.
978 3235 1047 3296 Non

117 3319 1046 3406 dissimilimododiaconiadmittebanturadpredicandum

118 3425 147 3484 et
158 3422 395 3503 baptizandum.
413 3423 475 3485 Sed
490 3423 672 3504 hujusmodi
684 3441 800 3485 munus
808 3423 1003 3506 frequentius
1016 3429 1047 3487 et

117 3521 212 3586 veluti
220 3522 361 3604 quotidie
372 3515 782 3608 committebaturdieeonis,
793 3522 901 3602 primis
911 3523 1043 3598 seculis,
