2504 4024
164 236 203 294 94
373 243 601 291 msrrrumouas
621 244 713 319 sums
725 244 879 291 canorum.

165 389 233 470 quis
255 390 344 468 geret
366 387 685 466 administrationem,
705 391 810 450 tamen
834 387 1004 470 injudicio
1026 390 1093 472 jam

119 560 124 570 Ι
163 482 450 547 conventorestob
465 483 582 544 dolum.
651 476 653 480 ’
721 475 726 485 ’

201 577 343 641 Libertas
363 578 472 641 isthac
493 571 658 658 coap'cpctis
678 579 767 641 deest
786 579 825 641 ob
840 579 991 659 speciales
1014 580 1094 641 obli-

161 673 304 754 gationes
326 674 439 753 quibus
460 673 502 735 ad
523 666 636 757 uxores
656 677 818 752 tenentur,
835 694 873 736 ne
894 675 960 735 sine
982 692 1092 736 aarum

163 787 316 830 consensu
330 770 462 830 maritus
477 769 564 830 illum
579 773 694 840 statum
708 771 926 849 amplectatur,
944 769 997 850 qui
1019 787 1092 830 eum

134 856 136 860 ’
161 864 300 946 conjugii
315 864 462 924 oneribus
473 867 520 926 est
529 864 781 942 incompatibilia,
794 864 987 944 proindeque
1001 863 1093 924 indu-

162 963 212 1021 cet
233 958 469 1020 dissolutionem
490 958 680 1032 matrimonii
701 960 804 1039 quoad
819 958 1046 1021 habitationem
1061 960 1092 1019 et

161 1053 298 1113 thorum.
311 1053 357 1112 Elx
372 1051 434 1112 alia
447 1069 521 1114 vero
535 1056 625 1133 parte
640 1072 679 1114 ne
693 1054 786 1115 isthic
800 1071 971 1116 consensus
985 1052 1091 1115 uxoris

161 1146 309 1208 scandalo
331 1164 459 1208 causam
480 1147 555 1208 dare
576 1153 693 1225 posset,
710 1149 877 1211 voluerunt
898 1166 1035 1209 oenones
1056 1153 1092 1208 ut

161 1244 192 1302 et
202 1241 280 1320 ipsa,
290 1241 316 1302 si
327 1243 528 1319 consentiret,
541 1243 670 1305 deberet
684 1245 891 1323 approbatam
905 1245 1091 1326 religionem

161 1337 320 1416 profiteri,
349 1338 400 1402 vel
429 1337 581 1400 eastitatis
609 1345 760 1418 perpetuo
788 1339 950 1402 servanda
978 1346 1088 1402 votum

162 1434 314 1512 emittere,
332 1433 527 1512 approbante
542 1433 700 1513 episcopo.

199 1528 341 1590 Libertas
355 1529 423 1590 haec
434 1528 527 1589 simili
542 1525 679 1608 quodam
693 1530 787 1592 modo
802 1530 891 1591 deest
899 1533 932 1591 et
941 1529 1090 1590 monachis

161 1623 215 1703 qui
228 1623 380 1685 voluntati
403 1624 573 1703 superioris
591 1629 665 1686 sunt
682 1625 819 1703 obnoxii,
836 1625 894 1686 nisi
918 1625 1089 1704 superioris

158 1735 329 1780 consensus
343 1718 487 1781 accedat.
504 1721 578 1781 Haec
592 1719 806 1801 irregularitas
820 1721 960 1783 nascitur
972 1737 1036 1782 non
1050 1739 1089 1780 ex

158 1812 448 1892 incompatibilitate
472 1820 572 1876 status
595 1816 746 1878 clericalis
770 1821 801 1880 et
823 1816 1004 1895 monastici,
1030 1816 1086 1878 sed

158 1907 260 1985 potins
275 1925 313 1967 en
327 1907 490 1988 utriusque
504 1909 666 1970 relatione.

197 2004 300 2064 sama
323 2002 418 2064 etiam
438 2003 579 2064 defectus
597 2004 860 2084 irregularitatem
880 2003 971 2082 fecit,
989 2004 1015 2066 si
1036 2005 1087 2067 vel

157 2099 196 2160 ab
216 2099 299 2160 omni
320 2100 449 2160 crimine
464 2103 496 2161 et
510 2100 622 2162 delicto
640 2100 786 2162 immunis
806 2119 869 2162 non
883 2101 923 2162 sit
937 2102 1087 2162 ordinan-

157 2194 225 2256 dus.
238 2197 312 2257 Haeo
321 2196 559 2276 irregularitatis
569 2198 689 2275 species
700 2197 725 2257 si
736 2216 755 2258 a
767 2197 956 2276 specialibus
965 2197 1086 2280 irregu-

84 2323 106 2374 f
156 2288 288 2360 taritatis
312 2311 381 2372 quae
405 2293 504 2354 oritur
523 2311 561 2354 ex
580 2291 711 2370 delictis,
729 2310 799 2373 qnae
823 2293 985 2353 infamiam
1008 2293 1086 2354 irro-

155 2391 455 2474 gant,seoernatur,
478 2388 624 2468 restringi
646 2389 877 2467 quodammodo
898 2389 1023 2449 videtur
1044 2389 1085 2449 ad

156 2483 309 2559 quasdam
332 2484 540 2560 professiones
562 2501 632 2563 qnae
653 2484 786 2545 infames
810 2485 966 2561 dicuntur,
983 2485 1085 2564 qualis

155 2581 202 2635 est
221 2594 271 2654 ars
292 2576 461 2652 carnificis3
479 2579 535 2639 sed
554 2580 622 2640 haec
644 2579 920 2657 comprehenditur
936 2579 1004 2659 jam
1025 2579 1084 2639 sub

153 2669 385 2748 irregularitate
405 2689 443 2732 ex
461 2672 585 2733 defectu
606 2673 765 2736 lenitatis:
788 2692 863 2755 ergo
885 2674 1084 2753 restringitur

154 2766 195 2826 ad
211 2767 328 2846 eosqui
342 2767 496 2829 ludicram
509 2770 559 2832 vel
570 2771 722 2832 uomicam
736 2775 835 2835 artem
850 2777 996 2835 exercent
1010 2790 1080 2834 can.

153 2864 183 2937 2,
201 2861 272 2922 dist.
283 2865 338 2948 Ι33.
355 2865 474 2924 Horum
487 2866 613 2927 vivendi
629 2866 765 2928 conditio
781 2867 905 2929 videtur
925 2867 1083 2929 contraria

154 2956 271 3036 decori,
287 2959 433 3040 gravitati
447 2979 613 3022 munerum
628 2961 922 3024 ecclesiasticorum.

192 3054 244 3118 IV.
262 3055 427 3136 Principio.
443 3091 483 3102 -
497 3059 528 3117 l⁰
538 3055 587 3118 Nil
602 3061 730 3118 excusat
744 3057 784 3117 ab
797 3057 1028 3136 irregularitate
1043 3075 1081 3116 ex

153 3146 292 3224 defectu;
309 3151 364 3212 sed
380 3152 498 3232 aliquid
512 3155 615 3233 potest
629 3171 779 3215 excusare
794 3153 835 3214 ab
848 3152 1080 3233 irregularitate

153 3261 191 3304 ex
205 3246 338 3309 delicto:
355 3247 406 3309 hic
421 3249 515 3327 enim,
531 3267 594 3311 non
609 3249 682 3326 illic,
700 3250 872 3314 attenditur
885 3250 989 3327 culpa.
1044 3311 1045 3316 ,

191 3341 223 3398 2⁰
237 3342 272 3401 ln
286 3341 516 3422 irregularitate
527 3332 565 3406 en
579 3345 703 3410 defectu
717 3345 887 3426 aliquando
902 3345 1081 3408 necessaria
