2504 4024
366 315 405 359 ou
426 314 555 360 caruero
575 315 656 362 sums
677 315 831 364 eanouruu.
1008 307 1063 366 123

124 458 296 540 oedificovit
307 458 448 520 Dominus
461 458 539 518 Deua
556 466 765 540 coetum-quum
785 461 897 523 tulerat
910 462 946 526 de
966 463 1064 528 Adam
1161 441 1167 454 ’

125 554 164 613 in
180 553 340 630 mulinum,
356 563 384 614 et
396 552 524 614 adducit
536 573 598 615 eam
612 555 653 615 ud
664 555 762 616 Adam
767 575 782 633 ;
798 555 934 636 dixitque
946 561 1043 622 Adam
1052 581 1064 622 :

126 650 205 708 Hoc
223 668 298 710 uuuc
319 668 350 710 oa
372 667 409 710 eu·
431 648 538 710 mutus
558 649 628 710 meis
649 657 676 710 et
699 669 767 712 curo
786 652 821 714 de
842 671 929 714 carue
952 673 1014 716 meu

129 745 327 819 Quamobrem
346 744 489 825 relinquet
510 745 593 806 tomo
612 753 726 825 patrem
744 765 828 808 auum
846 757 875 810 et
895 757 1016 813 matrem
1038 760 1066 812 et

127 839 296 902 adherebit
309 859 401 902 unere
414 857 484 917 suu,
500 847 625 901 et‘ecuut
638 840 694 901 duo
708 842 739 902 iu
752 860 838 905 cerne
851 863 921 908 unu.

177 935 270 1013 loia,
287 953 310 1011 ι,
327 934 619 1014 temeritatique
637 935 695 997 iiie
713 936 792 1002 oeus
810 948 838 1000 et
850 940 916 1002 uit:
939 939 1067 1004 Crescite

129 1039 165 1092 et
181 1031 424 1112 multiplicamini,
440 1043 468 1094 et
481 1031 589 1112 replete
604 1042 727 1096 terram.

177 1126 341 1188 Observa:

177 1226 206 1282 1⁰
228 1221 464 1284 Matrimonium
486 1227 534 1286 est
556 1224 702 1303 quaedam
723 1224 858 1299 eccietae;
885 1244 959 1287 uam
982 1229 1066 1288 Deua

132 1319 281 1378 movetur
296 1315 337 1377 ad
351 1316 541 1399 creationem
551 1316 689 1377 mulieris
703 1317 929 1379 ut‘inreniatur
942 1318 1067 1398 adjuto-

132 1413 229 1488 rium,
244 1411 295 1473 rel
309 1411 412 1474 aecius
426 1411 538 1491 aliquis
552 1411 676 1472 Adamo
690 1411 810 1488 similis,
826 1418 859 1473 et
871 1412 915 1474 ite
928 1413 1001 1476 vitae
1015 1431 1067 1476 so-

132 1509 240 1569 lamen
260 1510 293 1568 et
313 1506 457 1570 amicitiae
477 1507 659 1570 societatem
677 1507 776 1586 possit
803 1507 954 1574 obtinere.
982 1511 1065 1589 Ergo

132 1602 205 1663 finis
228 1601 409 1681 principalis
433 1602 526 1682 hujus
547 1604 705 1667 societatis
727 1604 919 1668 consortium
939 1604 1011 1668 ritae
1035 1608 1067 1666 et

133 1701 280 1760 mutuum
294 1698 486 1779 adjutorium
501 1702 559 1762 eat.

174 1799 207 1856 2⁰
227 1796 354 1856 Poterat
373 1812 448 1856 vero
473 1797 567 1858 homo
588 1795 746 1874 provideri
768 1796 807 1858 de
829 1797 888 1860 hoc
909 1797 1065 1878 adjutorio

132 1909 191 1971 per
206 1891 397 1952 creationem
412 1891 540 1954 alterius
554 1891 623 1954 riri.
640 1895 682 1953 At
697 1911 760 1956 uou
778 1893 841 1966 ita;
864 1897 946 1955 Deus
965 1893 996 1954 in
1012 1894 1066 1954 ad·

129 1986 284 2066 juicrium
307 1987 377 2064 riri,
403 1988 490 2048 creat
513 1988 690 2061 foeminam
715 1990 798 2051 uude
823 1991 916 2054 datur
935 1989 1067 2070 intelligi

133 2077 214 2139 alter
232 2096 358 2157 scopus,
379 2081 427 2140 ain
446 2080 550 2140 miuus
569 2081 729 2158 primario,
750 2084 863 2147 saltem
880 2083 1066 2145 secundario

131 2173 272 2234 intentus
284 2191 291 2233 ε
305 2171 427 2234 Sobolis
441 2173 616 2251 procreatio
628 2193 698 2253 quae
712 2175 871 2237 desiderat
883 2176 1066 2238 societatem

131 2267 216 2330 inter
228 2270 397 2348 utrumque
412 2287 532 2330 sexum.
548 2270 651 2330 Adam
666 2271 749 2332 enim
763 2266 841 2332 dixit
862 2290 868 2330 :
890 2270 995 2330 Erunt
1008 2270 1067 2331 duo

131 2364 164 2424 iu
177 2382 267 2424 curae
280 2383 339 2426 uuo
355 2365 375 2426 ¹.
964 2371 968 2382 '

171 2462 219 2520 Ex
239 2462 299 2522 hoe
314 2463 515 2542 consequitur
534 2463 673 2524 officium
692 2463 863 2542 conjugum
883 2462 1068 2543 impenden-

133 2556 211 2616 dum
226 2572 283 2633 pro
298 2556 430 2634 physica
444 2561 475 2620 et
489 2557 600 2618 morali
614 2557 750 2618 tiliorum
764 2556 968 2620 institutione.
981 2557 1066 2635 Phy-

132 2648 199 2708 sica
224 2667 231 2708 :
257 2647 298 2709 ob
326 2649 501 2710 naturalem
529 2649 665 2711 hominis
690 2650 847 2713 nascentis
875 2655 1063 2732 egestatem,

132 2761 229 2824 quam
244 2761 317 2805 cum
331 2744 488 2806 nonnuliis
502 2746 715 2808 animantibus
734 2747 830 2811 habet
844 2766 1043 2812 communem
1055 2767 1063 2821 ;

164 2958 174 2992 ¹
191 2959 309 3010 Graecita
324 2961 351 3008 et
365 2958 599 3024 multiplicamini,
612 2962 639 3008 at
653 2960 754 3023 replete
768 2964 877 3012 terram.
897 2962 1065 3024 duoviros,

133 3038 235 3088 omissa
250 3037 394 3100 quaetione
407 3049 443 3086 au
453 3038 508 3088 aiut
523 3041 697 3102 conception,
711 3040 754 3090 vel
764 3053 820 3091 nou
829 3058 836 3099 ς
845 3040 987 3090 anluarint
1000 3053 1066 3101 pra·

133 3117 242 3180 captiva
252 3128 301 3180 pro
315 3117 405 3180 primo
416 3115 554 3168 connuhio
569 3120 597 3166 at
610 3117 706 3180 primis
719 3118 774 3168 illia
788 3117 956 3177 hominibus,
971 3130 1007 3166 an
1016 3132 1065 3181 pro

134 3195 264 3246 omnihus
278 3199 305 3245 et
319 3209 367 3258 pro
387 3194 514 3245 omnibus
529 3197 687 3257 connubiia;
703 3209 753 3260 pro
775 3195 903 3247 omnibus
920 3196 948 3244 in
965 3209 1064 3259 genera

133 3271 179 3321 rel
190 3285 239 3334 pro
252 3271 381 3322 omnibus
396 3273 424 3320 in
437 3272 540 3333 specim
551 3273 694 3336 relpctiua
706 3273 762 3322 siut
776 3270 952 3322 fecunditatis
966 3273 1067 3338 imper-

133 3351 197 3401 titio
208 3354 236 3401 et
247 3350 404 3402 benedictio
411 3351 616 3402 fecundatarum
628 3351 795 3413 nuptiarum.
805 3352 912 3402 Etenim
922 3351 957 3401 ad
969 3355 1065 3404 catara

133 3429 285 3480 animantia
300 3431 429 3492 praecepti
444 3429 583 3492 incapacia
597 3431 700 3480 directa
714 3431 788 3478 suut.
807 3430 916 3482 Certum
932 3433 973 3482 eat
993 3431 1065 3496 quud

134 3520 162 3566 1⁰
179 3517 366 3568 demonstrent
380 3516 566 3568 intentionem
580 3514 728 3579 Creatoria;
743 3519 771 3568 2⁰
785 3518 852 3568 dent
861 3516 917 3581 ina.
