2504 4024
164 262 221 321 tos
368 265 701 316 rrsr1rur1onnsmn1s
723 263 879 309 cenorum.

164 412 488 491 trimoniuminoipere
497 418 558 496 nou
568 411 714 488 poterent
724 408 767 488 (in
777 425 894 487 genere
902 406 1092 486 loquendo);

166 527 239 590 ergo
255 509 298 588 (in
312 527 428 588 genere
437 503 607 590 loquendo)
618 504 842 584 impedimento
852 502 1095 581 superveniente

166 606 340 666 solvuntur.
684 605 687 610 ’
1163 586 1166 590 ’

205 704 240 764 ln
254 701 446 784 speeievoro
469 698 725 778 distinguendum
747 700 804 773 est,
829 715 870 757 an
890 696 1096 777 impedimen-

166 803 234 861 tum
248 798 287 858 sit
302 797 450 858 dirimens
464 813 574 856 neone.
593 794 626 855 Si
635 794 675 855 sit
687 793 847 870 dirimens,
860 793 1096 862 matrimonium

167 893 308 955 absolute
324 892 492 953 consistere
508 908 570 954 uon
584 892 700 970 potest,¹
714 894 745 951 et
757 889 995 967 impossibilium
1010 886 1098 948 nulla

168 990 315 1071 obligatio
331 992 387 1051 est.
413 989 446 1060 Si
466 1006 541 1050 vero
562 988 602 1048 sit
621 987 812 1066 impediens;
836 991 891 1047 aut
910 985 1014 1047 reddit
1031 1002 1098 1044 ma-

166 1085 347 1150 trimonium
376 1086 502 1147 omnino
530 1083 684 1160 illicitum,
715 1086 751 1144 et
768 1083 849 1143 redit
871 1083 956 1142 idem
980 1081 1098 1160 prinoi-

167 1182 272 1260 pium,
288 1197 360 1240 oum
379 1196 470 1240 nemo
490 1178 530 1239 ad
552 1177 807 1240 immoralitetem
828 1182 924 1256 queat
944 1174 1096 1254 obligari3
1133 1203 1137 1208 ·
1194 1259 1197 1262 Ι

168 1280 299 1339 autnon
322 1277 366 1338 ita
389 1282 447 1352 est,
472 1274 527 1335 sed
551 1274 656 1352 aliquo
679 1274 773 1334 modo
796 1272 943 1334 sustineri
966 1279 1100 1352 possunt

168 1373 336 1454 sponsalia,
353 1378 384 1433 et
398 1372 590 1434 sustinentur
604 1373 756 1451 quantum
770 1373 911 1448 possunt.
935 1436 938 1446 ,

208 1473 265 1546 lta,
278 1489 326 1532 ex.
339 1489 402 1549 gn,
421 1455 529 1530 votum
544 1466 673 1545 simplex
689 1469 848 1545 perpetuae
863 1465 1013 1527 eastitatis
1029 1468 1101 1543 post

169 1565 326 1643 sponsalia
340 1565 499 1641 emissum,
512 1563 682 1625 sustinetur
696 1581 734 1622 ex
748 1566 887 1640 es'parte
897 1579 961 1640 qua
970 1578 1033 1621 uon
1043 1561 1100 1620 im·

169 1659 256 1740 pedit
273 1659 325 1738 jus
344 1659 482 1735 ulterius,
497 1661 542 1720 ita
562 1662 597 1720 ut
610 1658 802 1738 intelligatur
822 1656 1017 1718 renuntiasse
1035 1656 1100 1736 juri
1191 1657 1195 1664 '

170 1754 297 1833 petendi
310 1753 438 1815 alterius
453 1755 688 1834 obligationem,
711 1771 773 1814 non
788 1757 894 1815 autem
907 1771 941 1813 se
961 1753 1102 1814 substra-

169 1849 250 1910 xisse
264 1849 304 1908 ab
319 1847 521 1927 adimplenda
542 1848 732 1927 obligatione
746 1849 778 1909 in
793 1847 936 1908 fraudem
957 1847 1099 1907 alteriue.

211 1943 280 2001 Nou
294 1941 384 2001 aliter
394 1940 465 2020 jure
480 1959 621 2018 romano,
637 1941 658 2001 l.
675 1944 714 2002 65
730 1943 764 2002 Ρ.
781 1959 837 2018 pro
853 1941 945 2002 sooiis
958 1942 1020 2019 56,
1038 1945 1104 2001 sta-

170 2039 272 2097 tutum
287 2040 334 2096 est
355 2038 390 2097 ut
410 2037 436 2098 si
456 2037 526 2116 quis
546 2037 632 2098 initae
654 2037 797 2096 sooietati
817 2040 888 2097 ante
910 2039 1033 2115 tempus
1053 2054 1104 2096 re-

171 2133 304 2210 nuntiet,
320 2152 339 2194 a
353 2151 385 2194 se
407 2133 519 2194 liberet
539 2134 670 2209 sooium,
693 2150 756 2195 non
776 2132 888 2194 liberet
908 2151 940 2192 se
963 2151 982 2193 a
1002 2134 1100 2194 soeio.

171 2230 265 2309 Atqui
279 2231 479 2293 Innocentius
493 2232 535 2291 lll
552 2231 590 2310 (o.
608 2246 644 2306 11,
661 2230 693 2290 h.
710 2229 748 2307 t.)
768 2231 931 2306 eomparat
943 2229 1104 2307 sponsalia

171 2326 329 2400 sooietati;
347 2345 433 2407 ergo,
451 2327 563 2387 emisso
582 2329 657 2386 voto
675 2344 695 2385 a
713 2342 828 2402 sponso
848 2341 910 2384 non
928 2323 1043 2403 poterit
1061 2323 1104 2385 ab

172 2441 209 2483 eo
230 2440 345 2500 sponsa
366 2423 407 2482 ad
426 2421 661 2483 matrimonium
681 2419 931 2481 contrahendum
949 2419 1101 2498 obligari3

172 2520 234 2579 imo
258 2519 298 2578 ob
321 2519 485 2580 mentitam
508 2517 620 2596 fidem,
646 2518 774 2579 habebit
797 2516 916 2596 justum
943 2517 1103 2577 resiliendi

172 2631 311 2687 oausam,
329 2616 360 2672 et
374 2613 399 2672 si
419 2615 475 2675 ,illa
495 2614 623 2689 resiliat,
646 2614 699 2693 qui
720 2613 807 2675 vovit
826 2611 988 2673 servandae
1008 2613 1105 2674 easti-

171 2707 245 2768 tatis
258 2712 401 2769 remanet
416 2708 583 2789 obligatus.
601 2713 641 2772 At
654 2711 680 2770 si
694 2710 748 2770 illa
762 2713 883 2788 peteret
904 2708 1105 2788 obligationis

172 2798 463 2878 adimplementum,
487 2819 550 2862 non
572 2809 719 2864 censetur
735 2801 801 2882 juri
820 2801 949 2862 alterius
970 2801 1107 2880 deroga-

172 2903 249 2961 tum.
268 2897 326 2970 Qui
340 2898 437 2976 vovit,
454 2899 557 2962 amisit
571 2900 699 2978 petendi
710 2900 773 2981 jus,
790 2917 853 2961 non
867 2883 1022 2960 reddendi
1035 2899 1107 2959 offi-

173 3014 266 3057 erum.

213 3095 246 3154 G.
262 3126 302 3137 -
315 3093 440 3156 Mutatio
453 3109 519 3173 quoe
532 3093 559 3153 si
572 3093 698 3173 praeviso
716 3091 828 3172 fuisset,
850 3097 909 3155 eto.
932 3091 1107 3154 Praemissis

173 3188 205 3247 in
220 3188 354 3264 casibus,
367 3189 440 3269 jure
454 3191 522 3268 ipso
540 3191 705 3250 solvuntur
718 3188 891 3268 sponsalia3
914 3189 971 3250 sed
989 3188 1107 3250 adsunt

174 3301 265 3344 casus
278 3288 310 3346 in
325 3287 438 3366 quibus
452 3287 520 3365 ipso
532 3286 604 3367 jure
619 3305 683 3348 non
693 3285 857 3350 solvuntur
867 3287 1035 3366 sponsalia,
1048 3287 1106 3346 sed

174 3378 267 3439 datur
283 3381 369 3459 justa
390 3383 547 3444 resiliendi
567 3401 672 3445 eausa.
694 3383 887 3446 Talis'eesus
907 3388 954 3447 est
971 3381 1108 3443 mutatio

174 3473 279 3554 aliqua
293 3493 363 3555 quae
378 3477 403 3537 si
426 3477 534 3560 fuisset
553 3480 697 3556 praevisa,
721 3480 826 3558 sponsi
849 3498 911 3542 non
933 3479 1109 3541 contraxis-
