2504 4024
391 285 431 330 on
452 284 579 331 osruoro
599 286 681 332 rums
703 271 859 334 cunour'cr.
1047 280 1083 338 91

199 433 234 492 Iu
246 427 444 512 professione
457 427 530 487 ortis
543 427 659 490 medica
671 428 722 490 vol
736 429 917 509 chirurgicus.
936 432 968 495 Si
982 451 1085 496 sermo

161 528 199 588 sit
218 527 257 586 de
281 523 405 585 clericis
426 521 636 602 chirurgicum
659 529 760 584 artem
783 526 1016 606 profitentibus,
1037 532 1088 591 vel

160 618 333 690 monachis
347 615 468 680 etiamsi
475 617 566 697 juxta
578 618 666 697 leges
680 618 756 678 artis
770 623 873 696 urant,
886 627 1001 700 secent,
1013 625 1088 686 inci-

144 715 245 796 dunt,
261 713 454 792 irregulares
472 716 556 789 suut,
573 712 647 791 qnia
664 712 702 772 iis
715 713 917 776 interdictum
938 735 1034 796 quum
1048 720 1088 782 sit

160 807 356 870 exllcolesiae
371 806 556 883 canonibus
564 806 632 887 jam
647 807 740 886 culpa
753 807 892 870 immune
902 827 970 871 esse
980 815 1088 892 nequit

160 903 367 966 homicidium
385 903 436 965 vel
454 901 625 978 mutilatio,
646 901 780 982 ideoque
798 905 917 966 ratione
936 907 1084 970 criminis.
1159 919 1162 925 “

159 1002 197 1061 At
210 998 285 1059 laici
303 998 504 1077 qui-omnem
523 996 716 1076 diligentiam
735 1003 871 1076 servant,
888 1003 972 1063 certe
987 1019 1025 1061 ex
1039 1019 1087 1062 ca·

159 1095 220 1173 pite
235 1092 377 1155 criminis
392 1109 455 1153 nou
469 1096 542 1154 sunt
555 1093 755 1170 irregulares.
772 1095 818 1154 Ex
832 1095 893 1172 alio
908 1095 1009 1174 capite
1025 1114 1087 1157 nou

159 1189 295 1252 habetur
308 1190 418 1265 aperta
428 1186 509 1266 juris
523 1187 660 1261 sanctio;
677 1191 813 1250 attamen
828 1192 984 1252 sententia
1002 1209 1089 1254 com-

160 1284 261 1345 munis
277 1285 373 1345 estut
386 1283 449 1345 siut
465 1283 666 1362 irregulares.
683 1285 730 1346 lta
749 1283 863 1363 vulgus
881 1288 1087 1365 pragmatico·
1162 1333 1166 1342 .

160 1397 238 1440 rum.
380 1434 386 1446 .

197 1477 229 1534 2⁰
242 1472 332 1534 Licet
344 1470 475 1532 secunda
487 1470 598 1550 nuptie
611 1487 674 1531 non
684 1469 746 1532 siut
755 1470 869 1548 vetite,
881 1476 988 1535 tamen
1002 1476 1088 1536 exhi-

160 1569 233 1643 bant
254 1567 490 1630 incontinentia
515 1569 640 1642 notam,
665 1584 724 1629 nec
747 1568 921 1647 exprimere
941 1569 1089 1632 videntur

161 1664 309 1726 unionem
330 1663 444 1724 Christi
458 1679 529 1723 cum
543 1661 684 1724 Ecclesia
698 1681 736 1730 ex
750 1681 787 1724 ea
800 1669 890 1744 parte
909 1682 972 1746 qua
986 1667 1088 1727 Ghris-

160 1761 208 1819 tus
228 1757 284 1819 uni
305 1757 452 1820 Ecclesia
475 1758 681 1836 desponsatus
702 1775 772 1819 eum
793 1763 945 1838 perpetuo
966 1759 1085 1839 diliget.

160 1853 240 1932 Ergo
255 1852 289 1912 iu
304 1851 452 1914 societate
474 1851 644 1914 christiana
662 1870 724 1914 uon
738 1853 855 1914 suntin
871 1854 989 1914 honore
1008 1855 1089 1916 siout

158 1948 267 2028 primae
282 1947 411 2025 nuptia.
427 1948 503 2009 lude
515 1947 554 2008 de
563 1947 698 2026 bigamis
712 1965 774 2010 uon
790 1948 972 2010 ordinandis
985 1951 1088 2010 vetus-

158 2043 279 2107 tissima
300 2043 466 2122 disciplina
480 2043 505 2123 (I
527 2042 676 2120 timoth„
699 2043 759 2105 rit.
784 2048 814 2121 l,
836 2045 978 2126 Ephes.).
995 2047 1036 2107 nt
1050 2063 1088 2105 ex

157 2138 287 2202 rationis
310 2137 461 2201 affinitate
486 2137 554 2200 aliae
578 2138 697 2217 species
717 2137 863 2218 bigamia
885 2140 958 2202 huic
978 2139 1088 2201 affines

158 2239 206 2298 vel
227 2237 346 2299 similes
366 2236 502 2299 inductae
525 2243 609 2313 sunt,
626 2239 657 2298 et
667 2234 740 2315 jure
762 2236 912 2296 canonico
933 2238 1084 2315 probatae.

159 2333 188 2390 1⁰
207 2330 292 2407 Vero,
310 2329 437 2410 quando
452 2331 521 2410 quis
536 2331 652 2409 duplex
671 2323 917 2406 matrimonium,
932 2329 1006 2392 licet
1020 2349 1088 2391 suc-

158 2426 287 2503 cessive,
301 2427 457 2488 contraxit
470 2429 501 2488 et
515 2429 683 2505 utrumque
698 2423 937 2487 consummavit.
951 2428 982 2485 2⁰
992 2424 1090 2485 Inter-
1206 2473 1213 2486 .

158 2520 305 2600 pretotioo
320 2522 378 2598 est,
396 2519 522 2600 quando
542 2519 612 2600 quis
626 2519 713 2581 ducit
730 2535 861 2580 uxorem
882 2519 1010 2580 viduam
1025 2521 1089 2580 eta

158 2635 213 2680 suo
235 2615 349 2678 merito
370 2617 475 2696 priore
496 2614 647 2696 agnitam,
664 2620 695 2675 et
712 2613 846 2693 ipsemet
865 2614 1018 2695 agnoscit,
1034 2615 1090 2675 aut

159 2713 322 2775 mulierem
336 2712 376 2773 ab
391 2712 452 2773 alio
467 2711 632 2772 fornicarie
652 2714 842 2791 corruptam,
860 2714 914 2773 aut
932 2711 1088 2792 virginem

159 2827 240 2890 quae,
257 2809 427 2887 antequam
449 2824 468 2868 a
487 2805 555 2866 viro
580 2823 635 2867 suo
658 2809 910 2885 cognosceretur,
928 2807 968 2867 ab
990 2805 1088 2868 altero

158 2906 308 2982 corrupta
330 2905 391 2979 est,
408 2906 440 2964 et
460 2901 695 2962 matrimonium
709 2901 741 2961 in
756 2905 890 2980 utroque
914 2919 988 2962 casu
1013 2917 1088 2960 oon-

159 3001 306 3076 summat,
317 3004 378 3060 aut
391 2999 417 3059 si
433 2997 503 3077 quis
518 2997 632 3077 duplex
646 2997 751 3058 inierit
765 2995 947 3076 conjugium
968 3000 1090 3054 utrum-

160 3115 219 3178 que
240 3082 279 3156 ex
297 3095 521 3175 impedimento
543 3093 707 3156 dirimente
727 3091 911 3155 invalidum.
928 3094 960 3152 3ο
972 3089 1089 3152 Simili-

159 3191 321 3268 tudinoric,
337 3191 364 3252 si
379 3189 448 3270 quis
463 3207 552 3251 sacro
574 3187 684 3251 ordine
697 3190 748 3250 vel
763 3187 894 3267 solemni
908 3192 981 3250 voto
996 3187 1090 3252 easti-

158 3287 231 3350 tatis
254 3285 425 3348 obstrictus
448 3285 564 3348 audeat
585 3284 821 3346 matrimonium
835 3284 1035 3346 ‹contrahere
1058 3290 1090 3344 et

159 3397 390 3444 consummare.
408 3380 470 3444 Sed
484 3383 560 3444 tuuc
573 3379 676 3459 potius
691 3396 730 3441 ex
744 3378 857 3442 delicto
875 3397 970 3460 quam
985 3397 1023 3440 ex
1036 3377 1089 3439 de-

159 3475 254 3554 iectu,
272 3481 307 3541 ut
320 3477 444 3556 videtis,
461 3477 585 3557 exurgit
598 3474 822 3556 irregularitas.
