2548 4020
172 273 229 332 202
379 275 607 325 rusrrrurronas
628 275 710 320 runis
732 273 888 319 cluourcr.

173 422 369 504 videmusjus
376 422 516 484 divinum
526 418 730 480 christianum
738 415 1107 494 expresseetspecialiter

173 523 344 603 prohibens
358 517 514 581 connubia
527 514 665 576 fidelium
687 531 760 574 cum
778 513 933 592 gentihus,
955 530 1029 572 cum
1047 529 1105 593 po-

171 621 263 698 pulus
278 616 465 678 christianus
480 631 542 674 non
557 611 692 673 debebat
702 629 769 670 esse
780 610 945 688 peculiaris
956 609 1102 687 societas,

171 714 252 775 siout
263 712 402 793 judaica,
419 710 473 771 sed
489 707 654 785 catholica,
667 709 698 767 et
711 706 794 766 inter
807 708 917 784 gentes
927 704 1105 765 diffunden-

172 811 247 872 dum
262 815 344 870 essct
358 806 573 886 evangelium
592 804 647 865 sed
661 807 766 866 tamen
784 806 892 863 mouet
909 802 988 884 juris
1009 805 1105 863 natu-

171 907 244 974 ralis
267 903 525 985 prohibitionem,
552 919 621 981 quae
642 904 727 961 vetat
750 899 817 960 haec
841 898 999 958 connubia
1020 899 1106 958 sicut

171 1003 247 1064 alias
263 1001 437 1074 societates,
460 997 623 1073 amicitias,
647 994 893 1056 necessitudines
915 994 1104 1056 contrahere

171 1116 242 1158 cum
256 1097 294 1157 iis
314 1095 367 1176 qui
387 1094 472 1156 falsae
494 1092 654 1173 religionis
678 1097 761 1169 sunt,
787 1090 828 1152 ad
851 1089 999 1152 evitanda
1017 1090 1105 1169 peri-

171 1195 251 1271 cula,
268 1196 299 1256 et
314 1191 493 1254 occasiones
507 1189 669 1270 peccandi.

211 1290 314 1363 Quare
328 1288 454 1364 Paulus,
472 1286 652 1362 liuditum,
669 1289 713 1359 6.,
730 1283 921 1344 admonebat
933 1282 1042 1344 fideles
1060 1301 1103 1342 ne

170 1382 289 1444 vellent
299 1380 412 1460 jugum
434 1380 549 1441 ducere
571 1398 643 1441 cum
665 1379 854 1456 infidelibus,
878 1384 910 1441 et
930 1381 1005 1442 ortis
1025 1379 1103 1442 iude

170 1477 362 1554 haeresibus,
388 1495 460 1538 oum
483 1480 564 1538 esset
587 1475 698 1537 eadem
720 1475 924 1554 blasphemia
947 1475 1042 1552 ratio,
1068 1479 1104 1537 et

168 1573 253 1634 idem
276 1572 452 1650 periculum
475 1571 645 1650 religionis,
672 1572 698 1632 si
720 1571 829 1632 fideles
850 1589 922 1632 cum
944 1571 1103 1632 haeretiois

170 1671 406 1731 contraxissent.
422 1669 583 1731 -Vidcmus
605 1668 752 1730 Ecclesiae
779 1670 887 1730 Patres
916 1668 1102 1730 constantis·

169 1765 246 1826 sime
261 1764 418 1826 connubia
431 1765 572 1850 fidelium
586 1765 811 1827 catholicorum
830 1783 902 1825 cum
919 1765 1102 1826 infidelibus

169 1866 200 1924 et
214 1863 369 1932 haereticis
384 1863 590 1942 improbasse.

209 1961 277 2020 Non
290 1959 364 2020 inde
379 1963 484 2020 tamen
498 1977 693 2040 consequens
708 1965 755 2023 est
769 1960 925 2022 connubia
939 1959 978 2020 ah
992 1959 1102 2020 Eccle-

168 2057 214 2118 sia
228 2057 314 2118 velut
326 2057 415 2119 irrita
428 2058 536 2119 hahita
549 2057 661 2132 fuisse3
679 2057 734 2118 sed
749 2059 798 2118 hae
812 2058 909 2137 leges,
927 2075 982 2136 pro
998 2057 1101 2118 varie·

167 2156 231 2215 tate
245 2153 387 2232 periculi,
404 2153 512 2215 hahita
525 2154 645 2216 ratione
660 2158 847 2232 temporum,
864 2155 1015 2228 locorum,
1028 2171 1100 2231 per-

166 2268 327 2328 sonarum,
348 2249 442 2312 modo
461 2250 626 2330 rigidiores
649 2249 786 2326 fuerunt,
812 2249 906 2311 modo
930 2248 1101 2329 indulgen-

165 2345 279 2418 tiores3
307 2348 339 2405 et
361 2344 529 2423 aliquando
551 2343 667 2421 nuptiae
689 2343 732 2404 sio
755 2345 923 2404 contractae
944 2346 1099 2421 tanquam

165 2438 273 2514 irritae,
289 2437 458 2518 aliquando
473 2439 597 2497 tantum
610 2435 724 2496 illicitae
740 2435 855 2497 hahitae
871 2438 953 2496 sunt.

206 2533 240 2591 ln
256 2548 292 2590 eo
308 2550 371 2592 non
386 2532 499 2592 desunt
512 2530 655 2609 exempla
668 2529 880 2608 piissimarum
894 2528 1097 2590 foeminarum

166 2643 236 2704 quae
259 2625 326 2685 sinc
350 2626 488 2686 oriminis
512 2628 586 2687 nota
608 2627 649 2688 ab
672 2625 850 2687 infidelibus
869 2630 974 2703 nuptae
995 2629 1095 2685 sunt:

165 2722 209 2781 sic
223 2720 346 2782 Monica
360 2721 525 2801 Augustini
540 2727 641 2785 mater
655 2723 760 2801 nupsit
783 2721 916 2783 Patricio
940 2722 1007 2783 viro
1026 2720 1100 2782 eth-

165 2817 246 2894 nico,
264 2818 403 2879 dlotildis
418 2820 595 2896 Glodoveeo,
612 2837 707 2898 quem
722 2819 762 2880 ad
777 2820 889 2881 Christi
903 2819 1000 2880 fidem
1021 2837 1098 2880 cou—

164 2915 269 2992 vertit‚
286 2919 345 2977 etc.
363 2916 441 2976 Cum
453 2916 488 2975 in
502 2933 576 2976 casu
597 2915 777 2994 particulari
798 2915 973 2994 periculum
995 2930 1099 2976 cessa-

166 3014 223 3089 ret,
247 3013 312 3073 imo
337 3030 407 3090 spes
429 3012 594 3091 affulgeret
608 3011 819 3074 conversionis
833 3011 1016 3087 infidelium,
1034 3029 1099 3090 qua

165 3107 204 3169 de
219 3126 315 3169 causa
329 3127 387 3169 nec
409 3108 524 3170 Paulus
545 3109 643 3171 voluit
663 3108 769 3169 statim
790 3107 916 3169 dissolvi
939 3108 1099 3169 connubia

164 3202 348 3281 infidelium,
366 3205 391 3265 si
406 3223 486 3266 unus
502 3223 539 3264 ex
558 3204 633 3283 ip'sis
654 3204 695 3264 ad
715 3205 811 3266 fidem
831 3206 1044 3280 convertatur,
1065 3210 1099 3264 et

165 3298 294 3358 concedi
315 3300 417 3360 solent
436 3300 684 3378 dispensationes
708 3317 765 3378 pro
787 3298 1010 3361 contrahendis
1028 3315 1098 3358 ma-

164 3392 317 3453 trimoniis
332 3413 404 3454 cum
423 3396 578 3458 haereticis
598 3396 680 3477 (qum
701 3396 799 3457 mixta
819 3394 1019 3456 matrimonia
1042 3411 1098 3455 vo-

165 3489 299 3568 cantur),
314 3491 400 3551 cuod
414 3491 610 3570 potissimum
624 3492 739 3554 accidit
752 3492 790 3554 iis
803 3493 835 3552 iu
856 3493 933 3553 locis
955 3490 1009 3552 ubi
1024 3508 1098 3572 pro-
