2504 4024
360 323 398 366 nu
420 321 550 366 caruero
569 323 650 368 runis
673 323 828 370 crucum.
1002 313 1057 372 lli

127 467 216 526 nium
229 467 371 542 usurpet,
389 481 458 542 quac
473 463 601 526 alterius
620 466 815 543 provinciam
833 485 896 529 non
914 459 1055 532 invadat.

126 566 237 642 ltaque
256 584 262 623 :
542 554 545 560 ’

166 658 430 738 Distinguendum
458 661 505 723 est
531 676 571 718 an
600 676 702 719 sermo
731 658 771 719 sit
798 658 837 718 de
861 658 1057 722 matrimonio

127 755 378 815 Christianorum
391 773 397 814 :

168 853 200 909 l⁰
214 848 360 928 infideles,
374 849 438 929 juri
454 849 589 910 naturali
603 851 634 909 et
649 849 753 910 divino
768 849 913 930 subjecti,
928 850 993 930 juri
1007 867 1059 911 cc-

127 945 300 1007 clesiastico
316 963 378 1005 non
389 944 576 1022 subduntur,
590 963 661 1005 cum
672 946 917 1008 ecclesiasticam
927 948 1059 1008 sociata*
1136 961 1140 970 “

126 1045 192 1102 tem
205 1040 368 1120 nunquam
382 1041 498 1102 luerint
515 1041 658 1121 ingressi.
681 1043 763 1120 Ergo
784 1043 938 1122 legislatio
961 1043 1059 1104 civilis

127 1137 159 1195 in
173 1135 211 1196 iis
225 1137 432 1197 matrimoniis
447 1138 659 1214 moderandis,
676 1139 797 1198 nullum
811 1140 942 1200 limitem
963 1139 1059 1199 habet

129 1231 187 1291 nisi
202 1232 256 1310 qui
267 1230 339 1310 jure
358 1233 505 1308 naturali,
528 1233 578 1292 vel
599 1233 704 1295 divino
726 1234 772 1294 illi
793 1236 977 1295 constitutus
998 1239 1054 1295 est.

129 1325 269 1385 Ecclesia
281 1325 314 1383 in
330 1325 378 1384 his
392 1325 598 1386 matrimoniis
612 1327 731 1386 nullam
746 1327 804 1386 sihi
819 1331 922 1405 potest
936 1330 1058 1404 pa1tem

128 1419 299 1495 vindicare,
316 1420 375 1479 uisi
389 1438 460 1480 eam
476 1439 571 1500 quam
586 1421 692 1497 habet,
705 1422 809 1498 prouti
815 1421 896 1500 juris
907 1421 1057 1482 naturalis

128 1519 158 1576 et
173 1514 271 1576 divini
283 1516 439 1594 interpres
453 1515 672 1578 auctoritativa
686 1522 718 1577 ct
731 1516 912 1578 infallibilis.

165 1615 239 1673 Lex,
253 1611 351 1672 civilis
377 1629 447 1691 quae
466 1611 530 1691 juri
552 1614 688 1673 naturali
708 1613 759 1673 vel
781 1613 886 1675 divino
913 1614 1057 1692 opposita

128 1714 183 1785 est,
201 1725 265 1767 non
280 1711 327 1768 est
340 1707 400 1783 lex,
425 1726 483 1768 nec
503 1712 607 1786 potest
626 1709 671 1770 ita
691 1710 853 1771 attendere
876 1710 1056 1789 qualitatem

128 1803 212 1879 civis,
230 1805 265 1862 ut
280 1801 425 1861 excludat
440 1805 585 1863 naturam
609 1803 762 1878 hominis;
785 1822 848 1865 nou
868 1805 983 1882 poterit
1001 1823 1056 1864 uu-

128 1916 221 1978 quam
234 1896 338 1957 facere
352 1900 388 1958 ut
408 1897 644 1958 matrimonium
665 1900 715 1976 sit,
740 1900 824 1978 quod
842 1899 913 1979 jure
936 1904 1055 1960 naturae

128 2011 186 2055 non
203 1996 261 2053 est.
284 1991 517 2054 Matrimonium
541 1994 630 2054 civile
650 1993 715 2074 juri
737 1995 871 2056 naturali
896 2001 928 2056 et
950 1995 1055 2056 divino

127 2088 316 2168 oppositum,
340 2091 422 2149 esset
446 2088 530 2150 fictio
556 2088 636 2168 juris
661 2107 732 2168 quae
755 2090 969 2152 consideraret
987 2075 1073 2152 ian-¹

127 2203 221 2264 quam
236 2184 482 2260 matrimonium,
500 2185 585 2264 quod
601 2187 662 2247 tale
678 2189 814 2260 nonest,
835 2186 966 2264 proinde
985 2187 1056 2246 sim-

125 2281 195 2358 plex
217 2283 347 2341 externa
366 2281 475 2355 unitio,
497 2281 649 2358 defensio,
674 2281 875 2359 etlprotectid
900 2281 1058 2341 societatis

123 2375 308 2451 immoralis,
325 2392 395 2455 quae
408 2376 666 2438 immoralitatem
679 2376 811 2452 foveret,
829 2379 860 2437 et
878 2375 996 2434 nullam
1012 2375 1056 2434 illi

124 2467 215 2527 daret
225 2466 405 2545 juridicam,
421 2467 635 2545 intrinsecam,
653 2473 685 2530 et
697 2469 824 2547 proprie
845 2469 961 2529 dictam
983 2485 1058 2528 con-

124 2563 310 2624 sistentiam.

161 2661 263 2720 Porro
285 2661 427 2720 naturale
449 2660 724 2739 impedimentum,
748 2667 831 2723 certe
854 2665 960 2723 autem
978 2661 1056 2741 juris

123 2853 225 2933 gradu
239 2853 291 2914 vel
310 2853 441 2930 directo,
457 2853 507 2912 vel
527 2857 717 2930 transverso,
735 2859 769 2916 ut
787 2859 897 2934 postea
917 2856 1057 2915 declara-

123 2950 227 3009 bimus
244 2947 325 3028 (cap.
343 2966 400 3011 vur
416 2949 455 3009 de
470 2949 643 3028 Divertiis);
660 2950 795 3030 ligamen
811 2969 883 3011 cum
897 2952 1054 3025 anonim,

124 3046 173 3105 vel
189 3062 298 3120 uxore,
315 3063 352 3106 eo
367 3045 502 3107 vivente.
519 3079 560 3090 -
576 3046 659 3124 Ergo
678 3045 728 3105 lex
749 3047 848 3105 civilis
870 3061 939 3122 quae
961 3043 1057 3103 eoho-

125 3145 264 3203 nestaret
277 3142 477 3202 matrimonia
490 3147 657 3220 parentum
671 3160 742 3202 cum
757 3142 839 3217 filiis,
856 3141 905 3199 vel
924 3139 1056 3200 fratrum

125 3257 195 3298 cum
216 3239 388 3314 sororibus,
405 3238 602 3316 polyviriam,
619 3237 669 3297 vel
691 3236 915 3314 polygamiam,
936 3235 987 3295 vel
1008 3235 1057 3294 di-

125 3326 260 3396 vortium
275 3336 379 3414 quoad
389 3335 560 3411 vinculum,
572 3334 662 3394 irrita
670 3349 799 3411 prorsus
810 3335 902 3408 esset,
914 3335 1055 3412 utsupra

127 3433 243 3493 dictum
257 3440 315 3493 est.

163 3531 246 3608 llrgo
269 3529 320 3588 lex
343 3526 441 3588 civilis
469 3544 531 3588 uon
560 3528 663 3604 potest
689 3523 793 3585 iacere
822 3524 1056 3586 matrimonium
