2504 4024
347 329 386 374 or
408 325 535 374 omnmo
555 330 637 376 anais
659 329 812 378 dancmar.
990 322 1043 382 lll

120 472 235 552 jurium
249 474 279 533 et
293 471 469 534 officiorum
483 473 518 533 lit
531 463 698 551 particeps,
721 491 791 554 qnae
805 476 921 554 ¹gradui
940 478 1048 540 minis-

122 572 239 629 trorum
256 568 403 628 Ecclesiae
424 566 704 629 ecclesiasticorum
723 571 961 648 magistratuum
982 591 1047 634 res·

122 663 267 740 pandent,
281 662 390 723 debuit
399 661 460 721 hoev
469 666 599 723 externa
608 663 703 723 etiam
713 663 876 742 disciplina
886 667 1043 744 profiteri:

29 823 30 830 χ
122 775 194 838 ergo
208 757 418 819 ecclesiastica
432 756 597 835 disciplina
610 757 727 837 agnita,
744 762 870 837 statuta,
888 761 1047 824 declarata

29 849 30 854 ’
121 857 191 916 sunt
200 852 274 933 jura
288 855 319 914 et
329 851 433 913 officia
442 851 638 929 elericorum,
651 870 721 931 quae
730 853 853 917 interno
864 855 1047 918 eorumdem

120 948 210 1009 statui
222 946 425 1026 respondent,
442 951 474 1010 et
486 948 570 1008 unde
585 950 732 1008 externus
747 949 934 1011 clericorum
947 955 1046 1013 status

120 1041 150 1100 in
169 1039 380 1102 ecclesiastica
401 1039 575 1101 aeconomia
595 1039 734 1102 resultat.
759 1043 916 1104 Nonnulla
937 1043 976 1103 de
997 1043 1046 1104 his

121 1133 406 1196 animadvertebam
419 1133 451 1194 in
464 1136 600 1195 tractatu
615 1134 654 1214 da
668 1137 751 1196 statu
766 1154 973 1214 personarum
987 1139 1047 1198 Elo-

121 1230 227 1309 olesiae,
244 1233 360 1292 caetera
373 1229 519 1291 tractatui
532 1228 659 1307 speciali
673 1248 848 1292 reservans
862 1233 952 1293 Hunc
965 1237 1046 1295 tem·

119 1326 199 1403 poris
213 1325 367 1405 angustiae
386 1329 493 1386 vetant
515 1343 522 1385 :
545 1343 621 1404 ergo
643 1329 735 1402 napta
756 1326 919 1388 occasione
940 1345 1046 1389 saera-

120 1421 211 1483 menti
225 1419 346 1482 ordinis
359 1435 460 1498 panca
474 1420 513 1479 de
525 1418 660 1497 juribus,
684 1418 722 1478 de
745 1418 865 1497 officiis,
889 1420 929 1481 de
950 1421 1046 1482 dura-

119 1515 199 1578 tione
212 1520 312 1578 statua
326 1515 488 1592 clericalis,
505 1513 537 1574 in
551 1513 726 1592 appendice
742 1513 854 1576 dicam.

470 1685 691 1730 APPENDIX.

499 1801 521 1845 1.
534 1800 661 1846 lleollielta.

154 1907 235 1970 xlv.
251 1906 321 1966 Alia
334 1906 504 1985 generalia,
521 1905 582 1966 alia
596 1907 754 1983 specialia.

155 1999 307 2064 Generalis
328 2006 460 2080 possunt
483 2002 676 2080 apprehendi
702 2006 854 2082 tanquam
876 2001 980 2063 media
1003 2001 1043 2063 ad

118 2095 207 2157 finem
229 2095 407 2156 necessaria
428 2095 468 2156 ad
493 2115 587 2175 quem
609 2097 768 2158 institutus
792 2103 840 2157 ost
861 2101 961 2159 status
984 2099 1044 2157 ole-

118 2189 225 2251 rioalis.
244 2190 329 2252 Finis
344 2193 491 2251 estates
513 2209 576 2269 qua
597 2209 655 2268 par
676 2193 723 2250 est
744 2191 908 2252 sanctitate
930 2198 962 2252 et
982 2210 1043 2271 quo

118 2281 202 2346 decet
215 2284 330 2345 decore
345 2283 522 2345 christiana
538 2285 664 2346 familiae
678 2284 809 2364 praesint
822 2284 854 2343 in
864 2285 1044 2346 ministeriis

118 2379 212 2440 onltus
228 2378 336 2440 divini.
354 2380 436 2459 llrgo
452 2364 622 2459 quidquid'
627 2385 674 2442 est
694 2379 907 2442 necessarium
925 2379 966 2440 ad
984 2375 1062 2440 hoe'

118 2478 148 2535 nt
172 2474 280 2537 cleriei
308 2475 356 2535 his
379 2475 559 2537 ministeriis
582 2481 689 2537 sancte
711 2476 912 2551 incumbant,
943 2479 974 2537 et
1000 2475 1069 2536 its·

118 2567 290 2632 christianae
305 2569 447 2632 societati
460 2575 492 2632 et
505 2572 649 2632 omnibns
659 2571 826 2632 concilient
835 2571 932 2632 divini
943 2573 1044 2633 cultus

117 2665 358 2743 venerationem,
373 2666 407 2726 id
421 2667 541 2727 clericis
555 2667 752 2745 praecipitum
770 2667 923 2747 quidquid
934 2672 1043 2730 eontra

118 2762 292 2824 notabiliter
306 2761 461 2839 distrahit,
477 2762 576 2822 multo
597 2763 698 2843 magis
717 2763 742 2824 si
761 2767 883 2825 avertat
901 2765 1042 2826 absoluta

118 2859 309 2920 aministerii
323 2857 499 2934 sanctitate,
522 2857 554 2917 id
576 2858 620 2918 eis
642 2862 690 2918 est
710 2860 843 2920 vetitum
862 2865 955 2937 prout
976 2877 1043 2920 sus·

118 2959 200 3032 cepto
237 2953 339 3015 ordini
366 2971 581 3032 repugnanS,·
595 2958 626 3015 et
652 2953 796 3014 minuens
823 2971 920 3032 penes
946 2953 1042 3014 laicos

117 3051 346 3111 venerationem
369 3051 465 3110 sacris
489 3068 598 3111 eornm
621 3051 800 3111 ministeriis
821 3048 969 3109 debitam.
993 3049 1040 3109 Ad

118 3141 515 3204 remfacerevideturlrid.
526 3139 620 3204 (lonc.
631 3161 707 3204 sess.
717 3146 766 3216 22,
778 3141 817 3201 de
826 3139 952 3199 reform.
964 3140 1017 3199 e.l
1031 3157 1038 3198 ε

121 3251 133 3288 o
144 3235 227 3295 Nihil
241 3233 387 3312 estquod
402 3233 469 3294 aliis
483 3233 583 3314 magis
597 3234 638 3294 ad
652 3234 802 3312 pietatem
816 3235 847 3293 et
857 3231 913 3292 Dei
923 3231 1041 3292 cultum

118 3333 234 3394 assidue
248 3333 395 3409 instruat,
412 3348 507 3410 quam
528 3349 636 3391 eorum
654 3330 719 3390 vita
739 3333 770 3390 et
788 3327 964 3406 exemplum
987 3328 1040 3406 qni

117 3441 144 3484 se
157 3428 264 3491 divino
279 3429 450 3490 ministerio
466 3427 660 3488 dedicarunt.
678 3445 692 3482 o
713 3426 864 3497 Quaenam
877 3422 992 3484 fuerint
1003 3441 1039 3482 ex

30 3541 31 3546 ’
116 3525 263 3605 principio
277 3525 375 3587 semel
393 3525 478 3606 jacto
500 3523 650 3584 derivatas
672 3537 827 3582 canonum
849 3519 1039 3590 sanctiones,
