2504 4024
182 265 239 322 128
284 329 287 335 ,
391 274 722 320 1usr1rur10unssun1s
743 272 899 320 cnuoulcr.

180 421 237 482 cila
261 418 319 480 init
342 415 485 496 conjugis
507 411 698 478 societatem
715 413 875 487 fastidire;
900 414 974 475 inde
1003 415 1115 480 amisit

179 513 361 594 conjuginm
380 530 461 572 suam
482 509 715 590 perpetuitatem.
739 509 873 570 Proinde
894 511 1111 589 polygamiam

122 611 125 616 '
178 604 301 682 excepit
314 603 517 683 repudiarum
536 605 567 664 et
584 601 790 685 divortiorum
800 600 942 679 dicentia,
959 603 1113 682 frequen-

177 701 221 762 tia
240 704 271 762 et
290 700 428 762 libertas.
445 698 556 766 Libido
575 698 666 766 facile
684 697 783 758 suasit
800 716 897 760 novas
916 703 986 778 post
1000 700 1110 761 divor-

176 793 255 856 tium
270 792 405 871 nuptiae,
421 793 511 872 quasi
525 792 660 871 primum
679 791 838 852 vinculum
857 791 993 853 solutum
1011 792 1105 855 foret.

176 891 223 950 En
237 889 371 951 alterum
386 887 618 966 depravationis
632 885 778 966 gradum.

215 987 248 1044 3⁰
270 986 314 1044 Ex
338 982 517 1062 hujusmodi
541 983 696 1043 maiorum
717 982 904 1061 frequentia,
928 1001 966 1043 ex
990 983 1107 1062 quibus

175 1097 231 1157 pro
246 1077 346 1139 lubitu
361 1077 557 1139 ducebantur
575 1082 606 1141 et
625 1079 863 1140 dimittebantur
879 1096 1002 1155 uxores,
1018 1079 1108 1140 vide-

174 1174 214 1234 tis
238 1173 382 1236 charitati
406 1178 437 1236 et
460 1175 558 1235 amori
582 1173 757 1253 conjugali,
781 1173 917 1235 libidinis
941 1191 1104 1252 amorem,

175 1269 315 1332 societati
334 1270 531 1348 permanenti
544 1273 799 1332 momentaneum
813 1271 965 1348 passionis
980 1274 1104 1348 astum,

174 1462 354 1538 nuptiarum
381 1461 561 1523 haberetur.
586 1463 668 1540 Ergo
687 1459 874 1539 parvipensa
891 1466 964 1521 sunt
980 1462 1108 1539 nuptia-

172 1576 243 1617 rum
258 1576 365 1633 onera,
382 1557 553 1618 dummodo
567 1557 637 1618 finis
652 1556 703 1618 ilie
719 1557 924 1620 obtineretur.
939 1558 1016 1618 inde
1031 1575 1105 1635 pro-

172 1653 258 1712 diere
276 1652 461 1715 incestuosa
480 1657 511 1715 et
530 1653 631 1714 omnis
649 1654 773 1732 generis
795 1653 912 1730 nuptiae
933 1652 1101 1716 nefariae...

171 1764 246 1806 usus
256 1746 437 1824 nuptiarum
451 1752 560 1807 contra
569 1747 671 1826 ipsam
681 1751 865 1809 naturam...
878 1747 1006 1809 demum
1020 1748 1104 1826 ipsa-

170 1858 240 1902 rum
268 1840 448 1920 nuptiarum
470 1841 642 1918 fastidium,
672 1848 704 1903 et
731 1843 843 1903 horror
870 1859 908 1902 ex
931 1842 1099 1921 principio,

171 1934 296 2015 qnando
311 1935 377 1996 sine
391 1936 574 2015 gravamine
589 1937 781 2016 nuptiarum,
796 1940 903 2016 posset
920 1953 977 2016 pro
998 1935 1102 1998 lubitu

170 2031 286 2111 expleri
317 2031 425 2092 libido.
451 2034 497 2093 En
528 2033 674 2096 ultimum
702 2033 837 2112 gradum
866 2032 1100 2111 depravationis

168 2127 370 2205 matrimonii,
384 2146 445 2207 quo
456 2127 588 2190 societas
603 2128 753 2189 abhorret
766 2147 785 2188 a
800 2128 946 2214 conjugio
961 2147 1000 2188 en
1013 2128 1103 2205 prin-

168 2222 325 2300 cipio,ch
338 2223 665 2303 itautitnrconjugio,
680 2227 714 2285 ut
728 2223 851 2286 studeat
866 2224 964 2284 vitare
979 2241 1017 2282 ex
1031 2225 1100 2283 arte
1127 2227 1131 2234 '

167 2315 303 2377 filiorum
317 2317 578 2396 procreationem,
590 2317 681 2377 unice
692 2316 858 2378 intendens
867 2319 903 2378 ut
912 2315 1021 2392 libido,
1034 2332 1097 2395 quo

166 2411 234 2472 iteri
249 2413 347 2489 possit
361 2412 479 2473 nefario
494 2412 602 2488 modo,
617 2411 790 2491 expleatur.

206 2509 280 2566 Haec
301 2507 362 2567 tria
382 2507 484 2568 stadia
508 2507 741 2586 degradationis
765 2507 945 2569 societatem
969 2524 1100 2585 percur-

165 2597 243 2658 risse
258 2603 331 2660 ante
346 2601 519 2662 adventum
533 2603 668 2680 Domini,
685 2621 748 2664 non
763 2601 1017 2666 obstanteethica
1026 2601 1099 2679 phi-

165 2693 309 2770 losophia
342 2697 374 2756 et
400 2694 484 2756 civili
512 2697 653 2774 cultura,
683 2699 803 2760 cunctis
832 2701 879 2760 est
905 2701 1013 2764 notum
1042 2697 1097 2776 qui

164 2787 360 2866 paulisperin
369 2791 692 2870 historia‚praesertim
698 2793 885 2871 ethnicismi,
894 2793 1008 2856 versati
1020 2791 1093 2870 sint,

203 2884 255 2944 Ill.
283 2884 346 2945 Sed
367 2887 451 2945 Deus
472 2887 620 2949 connubii
640 2888 812 2963 institutor,
831 2907 942 2969 passus
964 2907 1027 2950 non
1049 2891 1097 2950 est

163 2977 284 3056 integre
299 2978 442 3056 deperire
457 2998 495 3039 ex
516 2979 600 3041 vitiis
618 2982 781 3042 bominum
803 3000 881 3061 opus
902 2983 1093 3043 scamium
1202 3018 1209 3028 -

162 3078 230 3136 tum
244 3078 275 3138 in
290 3079 388 3139 veteri
403 3082 603 3141 testamento
617 3081 701 3141 vium
716 3081 849 3160 parabat
864 3079 1093 3143 restauratione

162 3172 406 3251 connubiorum,
432 3193 502 3254 quae
526 3193 582 3252 per
605 3176 762 3238 Christum
783 3181 851 3239 erat
873 3178 1090 3238 consecutura.

162 3265 227 3325 Hoc
250 3267 324 3330 iecit
344 3271 567 3348 praeservando
591 3271 649 3333 sibi
673 3273 842 3351 quemdam
863 3273 1014 3352 populum
1034 3289 1093 3351 per

160 3351 295 3438 'gratiam
316 3380 423 3440 suam,
449 3367 502 3445 qui
526 3385 545 3427 a
567 3369 708 3446 generati
731 3386 854 3430 morum
878 3368 1011 3430 colluvie
1033 3385 1092 3445 per

161 3452 270 3514 orbem
284 3458 375 3518 terrae
391 3457 503 3521 diffusa
518 3462 701 3539 eriperetur.
