2504 4024
165 295 223 354 108
268 319 270 322 ·
376 307 704 356 rusr1rurrounsrua1s
726 311 881 357 csuouror.

142 487 144 491 ι
165 450 276 526 stertis,
302 452 333 511 et
357 449 397 509 ad
419 449 555 511 minores
576 450 701 512 ordines
721 453 935 530 suscipiendos
955 454 1100 533 disponi-

164 548 256 606 tur.»
276 546 394 607 Verum
412 545 445 605 in
467 545 527 606 hoo
548 544 651 606 differt
672 563 692 607 a
712 549 984 628 catechumenatu,
1010 554 1099 632 quod

163 639 215 699 ille
229 641 308 702 ritus
322 645 438 704 statum
453 641 558 702 cleriei
572 641 668 702 donet
690 646 721 704 et
739 645 844 706 omnia
858 645 931 724 jura
950 652 981 707 et
999 649 1117 726 privis
1157 644 1161 649 ’

163 736 253 816 legiae
269 740 300 798 et
315 737 418 800 officia
432 741 531 800 status
546 739 710 816 clericalis,
727 740 803 802 dum
817 759 879 803 uon
895 743 1098 827 itaoateehu-

164 835 307 894 meratus
321 832 353 891 in
368 834 477 894 ordine
492 834 532 893 ad
548 852 615 896 esse
629 838 808 916 statumque
822 836 994 901 christiani.
1017 840 1097 901 Inde

163 924 241 986 ordo
257 924 424 1004 aliquando
440 925 509 1004 ipsa
522 931 653 988 tonsura
670 932 879 1008 nuncupatur.

236 1101 269 1146 11.
282 1102 313 1146 Do
325 1102 463 1146 observandis
474 1102 497 1146 in
509 1105 642 1159 promotione
655 1104 776 1149 ammonita
787 1104 815 1149 ad
826 1105 913 1162 altiores
922 1105 1017 1150 ordines.

202 1225 254 1286 ΧΙ.
271 1225 352 1286 Olim
366 1225 419 1304 qui
434 1224 474 1284 ad
490 1242 588 1284 uuum
602 1223 738 1304 gradum
752 1224 1006 1304 promovebatur,
1029 1243 1094 1286 non
1132 1235 1134 1238 ’

161 1321 233 1382 ideo
255 1321 442 1382 censebatur
471 1321 643 1382 advocatus
671 1320 712 1382 ad
737 1321 913 1401 superiores
939 1341 946 1382 :
969 1324 1093 1383 tautum

162 1415 215 1476 uhi
231 1416 373 1496 superior
388 1415 497 1477 ordine
512 1415 675 1496 eligendus
691 1420 768 1492 erat,
785 1417 974 1496 quandoque
993 1435 1032 1477 ex
1045 1419 1093 1477 in-

161 1511 327 1572 ferioribus
342 1511 503 1573 ordinibus
516 1507 703 1592 eligebatur,
720 1512 746 1574 is
761 1513 910 1574 nimirum
924 1513 978 1591 qui
992 1511 1092 1591 magis

162 1605 275 1684 dignus
302 1611 335 1666 et
361 1605 492 1666 idoneus
519 1607 690 1669 rideretur.
717 1610 815 1668 Nemo
840 1607 1093 1687 conquerebatur
1121 1604 1125 1611 '

161 1703 245 1780 quod
260 1701 324 1778 diu,
342 1702 424 1780 quod
442 1703 535 1764 etiam
549 1707 700 1784 perpetuo
711 1703 743 1763 in
754 1703 864 1765 ordine
874 1702 1022 1764 inferiore
1032 1704 1093 1763 mi-

161 1797 316 1859 nistraret.
348 1799 518 1857 Contentus
547 1814 677 1859 munere
705 1817 761 1860 suo
789 1798 919 1878 quilibet
953 1797 1093 1858 officium

160 1909 253 1952 suum
267 1892 507 1970 exsequebatur.
526 1894 576 1954 lta
594 1911 627 1954 se
646 1911 696 1955 res
720 1895 857 1956 habebat
879 1894 959 1955 siout
982 1894 1090 1970 hodie,

161 1987 286 2064 quando
302 1987 465 2067 episcopus
480 1989 724 2068 expresbyteris
743 1990 880 2069 eligitur.
901 1992 986 2051 Inter
1005 2007 1091 2067 pres·

159 2080 287 2158 hyteros
302 2080 467 2160 episcopus
487 2082 624 2162 eligitur,
645 2090 832 2145 nontamen
852 2084 982 2164 quilibet
1002 2102 1092 2162 pres-

159 2178 252 2255 byter
265 2178 428 2244 ordinatur
443 2184 478 2240 ut
492 2180 656 2258 episcopus
671 2180 736 2242 liat.

199 2274 240 2334 At
261 2290 319 2350 per
342 2274 498 2353 antiquas,
524 2273 597 2334 licet
616 2290 678 2332 non
698 2273 923 2335 vetustissimas
942 2271 1090 2334 Ecclesia
1143 2267 1145 2271 ⁴

158 2366 346 2443 sanctiones
369 2371 497 2428 cautum
514 2365 573 2439 fuit
587 2366 743 2427 neminem
764 2367 897 2446 provehi
916 2365 956 2426 ad
971 2366 1090 2446 gradus

97 2479 98 2482 ’
158 2464 336 2541 superiores
349 2463 409 2522 nisi
433 2462 527 2524 tuerit
550 2462 582 2523 in
601 2463 740 2523 Ecclesia
760 2463 792 2523 in
812 2462 1012 2524 inferioribus
1033 2481 1091 2540 ap-

158 2555 257 2632 prime
273 2555 460 2616 exercitatus
480 2560 575 2634 atque
596 2554 757 2633 probatus,
782 2554 867 2634 quod
890 2555 1007 2616 lactum
1031 2553 1090 2615 fuit

157 2649 256 2724 initio,
274 2665 312 2708 ne
326 2649 462 2726 imperiti
477 2655 508 2710 et
521 2668 626 2711 rerum
642 2650 926 2712 ecclesiasticarum
934 2649 1036 2729 ignari
1047 2650 1089 2710 ad

157 2759 314 2802 summum
328 2742 544 2818 pontificatum
558 2743 746 2822 prosilirent.
762 2745 895 2822 Insuper
910 2761 1009 2822 quum
1021 2741 1090 2802 ofli-

156 2837 205 2898 cia
215 2837 373 2897 minorum
387 2836 533 2897 ordinum
546 2854 608 2898 non
624 2837 703 2898 adeo
718 2842 843 2898 servata
857 2837 951 2898 certis
965 2835 1088 2896 clericis

155 2938 334 3012 temporum
347 2931 438 3010 lapsu
457 2933 529 3008 sint,
554 2933 610 2993 sed
625 2932 694 2993 aliis
708 2932 832 2994 reddita
847 2930 1038 3006 communia,
1056 2935 1088 2991 et

155 3029 323 3109 aliquando
338 3029 404 3089 sine
420 3027 608 3104 discrimine,
623 3046 720 3107 quum
731 3029 769 3088 de
779 3027 953 3089 minoribus
969 3027 1089 3089 ordini-

154 3121 213 3180 bus
227 3125 384 3200 ageretur,
400 3120 566 3181 immutata
580 3123 626 3181 est
645 3120 809 3198 disciplina
831 3125 862 3182 et
883 3121 991 3183 statuti
1013 3124 1088 3179 sunt

155 3217 280 3276 ordines
293 3217 456 3277 inferiores
469 3217 567 3279 veluti
586 3217 639 3277 via
660 3216 700 3276 ad
722 3217 960 3296 presbyteratus
975 3233 1086 3277 aseen-

154 3311 292 3371 dendum
306 3314 440 3390 gradum
454 3311 614 3374 ordinaria
629 3315 659 3373 et
674 3313 862 3374 successiva.

193 3408 258 3466 Hac
272 3406 355 3468 facta
369 3407 540 3486 disciplinae
555 3407 726 3469 mutatione
744 3410 776 3468 ot
796 3407 924 3486 spiritus
947 3411 978 3468 et
998 3403 1084 3482 prin-

153 3501 269 3579 cipium
282 3504 412 3563 vetustae
427 3501 598 3580 disciplinae
612 3500 814 3578 retineretur,
831 3500 978 3563 videlieet
992 3501 1027 3560 ut
1041 3497 1083 3559 ad
1107 3516 1110 3520 ·
