2548 4020
338 338 340 342 .
426 299 465 342 on
486 296 614 344 caruero
634 298 716 344 suuis
739 271 893 345 canorum
1066 289 1121 349 net

232 445 310 506 XVI.
327 445 415 504 Hanc
429 442 589 523 perpendo
605 447 636 504 1ο
651 443 759 515 Quoad
773 443 849 505 ritus
869 450 898 506 et
921 447 1124 508 caeremonias

193 558 263 621 quse
278 538 478 602 celebrationi
493 540 587 618 hujus
603 539 745 601 sacrificii
755 547 964 618 accesserunt,
974 544 1123 614 2⁰Quoad

192 637 393 699 intrinsecam
408 634 639 698 solemnitatem
655 639 687 698 et
700 637 885 724 exteriorem
899 653 1047 716 pompam
1060 658 1124 720 qua

193 733 384 795 celebratum
399 737 455 792 est.

232 830 262 888 1⁰
291 829 393 889 Pauca
426 827 596 888 admodum
618 827 750 890 fuissent
773 828 950 891 essentialia
973 829 1121 908 requisita

192 922 232 983 ad
245 922 305 984 boe
320 921 517 995 sacrificium,
534 938 604 1000 quac
619 922 668 984 vel
682 923 713 982 in
726 939 788 983 una
803 923 1036 984 consecratione
1051 940 1122 984 con-

191 1019 346 1096 sisterent,
362 1017 411 1079 vel
426 1019 466 1080 ad
481 1035 638 1078 summum
654 1019 748 1081 etiam
764 1018 804 1079 ad
819 1019 1122 1081 consummationem

192 1113 444 1176 extenderentur.
460 1113 522 1175 Sed
536 1114 673 1176 Ecclesia
684 1115 791 1195 plures
807 1115 895 1193 ritus,
913 1132 1022 1193 preces
1036 1115 1122 1176 addi-

190 1210 234 1273 dit
248 1210 361 1291 quibus
376 1228 465 1271 suam
485 1211 592 1287 tidem,
616 1210 838 1290 gratitudinem
860 1211 1021 1273 exhiberet
1046 1229 1120 1290 erga

190 1309 250 1369 hoc
264 1310 496 1370 sacramentum
511 1312 542 1368 et
555 1304 694 1367 fidelium
709 1312 832 1368 mentes
847 1307 887 1367 ad
907 1304 989 1366 illius
1003 1307 1119 1368 cultum

190 1403 349 1466 excitaret.
364 1402 593 1466 Talesfuerunt
613 1401 764 1463 lectiones
788 1407 967 1463 sanctarum
993 1402 1121 1479 scriptu-

189 1518 294 1561 rarum
316 1506 346 1561 et
368 1499 542 1579 praesertim
565 1499 641 1560 Novi
655 1499 847 1560 Testamenti
868 1500 900 1559 et
922 1497 1121 1577 potissimum

189 1596 444 1674 Evangeliorum‚
473 1595 685 1656 invocationes
713 1592 845 1670 Spiritus
871 1592 992 1670 Sancti,
1015 1592 1119 1654 Oratio

188 1691 359 1766 Dominica,
377 1689 619 1770 supplicationes
633 1706 689 1769 pro
705 1689 850 1751 Ecclesiae
866 1688 1117 1751 necessitatibus.

188 1785 278 1847 Tales
290 1785 396 1864 plures
410 1784 530 1863 mystici
555 1785 633 1846 ritus
656 1785 813 1846 mixtionis
834 1773 936 1864 a'quae,
961 1783 1119 1846 fractionis

188 1883 308 1961 hostiae,
325 1882 589 1944 benedictionum.

226 1980 282 2042 Hic
297 1979 373 2042 ordo
387 1978 592 2040 dicendorum
608 1983 639 2039 et
651 1977 846 2056 agendorum
860 1977 893 2038 in
914 1977 1009 2057 hujus
1024 1979 1118 2039 sacri·

185 2076 247 2138 ficii
262 2077 430 2153 oblatione,
448 2075 501 2153 qui
515 2075 615 2137 dictus
634 2077 682 2137 est
705 2073 843 2154 liturgia
867 2073 1038 2152 (publicum
1060 2076 1118 2135 mi-

186 2173 359 2252 nisterium)
375 2171 415 2232 ab
429 2172 600 2251 apostolica
614 2172 797 2234 auctoritate
808 2171 931 2232 videtur
947 2173 1117 2251 sumpsisse

185 2271 347 2350 originem.
376 2271 605 2348 Argumentum
633 2276 679 2330 est
717 2268 801 2347 quod
839 2286 948 2329 omnes
983 2269 1117 2349 liturgiae

184 2361 287 2436 quoad
303 2360 452 2420 nonnulla
468 2361 570 2438 capita
584 2359 787 2422 concordant.
804 2361 866 2422 Sed
877 2361 1115 2422 verisimilenon

184 2450 230 2506 est
243 2448 400 2525 apostolos
414 2449 538 2528 singula
552 2450 647 2510 verba
662 2451 710 2512 vel
722 2452 861 2530 singulos
875 2453 952 2514 ritus
967 2454 999 2514 in
1010 2453 1115 2532 specie

183 2540 426 2618 determinass03
452 2544 508 2605 sed
535 2545 730 2624 reliquerunt
760 2548 938 2626 pastoribus
968 2551 1115 2612 Ecclesiae

183 2636 428 2700 determinandae
443 2641 515 2702 inde
530 2661 587 2722 pro
602 2643 694 2704 variis
706 2645 851 2708 Ecclesiis
863 2648 955 2710 varia
966 2649 1113 2729 liturgiae.

183 2733 243 2794 Sed
258 2752 330 2796 eum
345 2735 518 2816 disciplina,
535 2756 599 2816 prae
614 2740 743 2814 caeteris,
765 2761 894 2806 neeesse
905 2745 944 2808 sit
954 2747 1115 2808 uniformis

183 2830 222 2891 ob
243 2830 396 2908 majorem
417 2833 643 2896 connexionem
658 2853 753 2916 quam
774 2839 870 2901 babet
891 2857 963 2901 cum
986 2843 1115 2920 dogma-

183 2927 276 3001 tibus,
293 2928 365 2990 inde
381 2929 469 3009 plura
489 2934 620 2996 concilia
645 2937 846 3015 provincialia
869 2938 985 2999 sedatis
1010 2957 1114 3017 perse-

182 3023 359 3085 cutionibus
374 3035 522 3091 curarunt
546 3030 788 3094 uniformitatem
802 3032 935 3112 liturgiae
960 3035 1114 3112 suifraga-

182 3137 312 3181 nearnm
326 3138 398 3182 cum
410 3124 650 3202 metropolitana
660 3127 809 3189 Ecclesia.
822 3128 857 3189 In
867 3129 1025 3191 occidente
1037 3149 1114 3209 qna·

181 3223 253 3279 tuor
266 3220 393 3282 fuerunt
407 3222 540 3303 liturgiae
557 3242 564 3284 ε
593 3228 622 3284 10
635 3225 803 3300 Gallicana,
824 3230 856 3288 2⁰
871 3228 1035 3307 Hispanico
1057 3249 1111 3292 seu

180 3315 384 3391 Mozarabica,
397 3321 428 3380 3⁰
440 3318 659 3397 Ambrosiana,
668 3323 699 3380 4⁰
709 3321 860 3386 Romana.
870 3324 1000 3385 Romani
1010 3327 1114 3389 Ponti·

179 3409 253 3470 fices
264 3411 331 3490 jam
344 3418 410 3474 tum
426 3414 467 3476 ab
481 3415 663 3478 Innocentio
678 3419 701 3494 1,
718 3435 757 3478 ne
773 3419 910 3482 baeretici
930 3439 967 3483 ex
983 3418 1113 3484 diversi·

178 3508 241 3568 tate
269 3507 329 3570 hac
358 3511 559 3575 occasionem
588 3521 746 3579 sumerent
766 3517 987 3597 proscindendi
1009 3518 1110 3578 sinum

978 3628 1024 3682 lb*
