2504 4024
400 297 439 341 na
461 296 588 356 onsscro
607 296 689 344 Jnnrs
711 297 864 346 canorum.
1054 289 1093 350 85

531 467 678 520 carthus.
696 469 727 521 V.

432 587 434 590 ’
454 614 486 652 nn
503 613 678 654 sncnnnnuro
694 613 811 653 cunnos.

198 754 225 813 I.
255 751 368 814 Omnia
395 755 591 814 sacramenta
612 751 646 812 id
669 750 786 814 hahent
812 771 976 831 commane,
996 760 1030 818 ut
1053 759 1092 818 ad

159 846 330 906 hominum
351 845 628 906 sanctificationem
649 845 793 908 ordinata
813 847 884 908 sint.
906 850 973 908 Duo
993 867 1094 910 sacra·

158 943 270 1001 menta
287 939 322 1000 id
336 939 454 1002 hahent
470 940 637 1019 proprium,
658 943 693 1000 ut
713 940 754 1000 ad
773 941 918 1002 Ecclesiae
939 957 1094 1020 propaga-

159 1034 293 1112 tionem,
310 1033 538 1096 institutionem
557 1038 587 1096 et
602 1053 709 1095 curam
730 1036 874 1098 ordinata
895 1038 974 1099 sint:
992 1055 1094 1099 sacra·

159 1135 271 1193 menta
292 1129 412 1191 ordinis
433 1133 464 1190 et
484 1130 694 1192 matrimonii:
711 1131 771 1192 hoo
791 1135 826 1194 ut
846 1132 926 1193 filios
946 1134 1093 1195 Ecclesiae

159 1230 311 1302 generet,
332 1224 411 1286 illud
432 1227 466 1285 nt
486 1230 665 1304 regeneret3
689 1227 749 1287 hoo
767 1231 802 1288 ut
821 1227 943 1304 prolem
963 1233 1094 1305 paterna

160 1319 215 1378 vel
229 1322 374 1380 materna
387 1335 463 1380 cura
475 1319 659 1380 Christianae
675 1320 782 1381 virtuti
801 1321 952 1396 instituat,
968 1321 1046 1380 illud
1060 1324 1095 1381 ut

162 1403 260 1474 sacris
285 1412 396 1474 ritibus
420 1417 451 1474 et
473 1414 618 1474 omnihus
641 1414 742 1475 cultus
766 1413 863 1484 divini
885 1413 1094 1475 functionibus

162 1509 311 1570 Ecclesiae
331 1507 410 1568 filios
431 1506 556 1585 plebem
577 1506 779 1569 christianam
796 1507 939 1583 instruat,
957 1505 1093 1568 sanctifi·

164 1607 231 1678 cet,
256 1599 424 1681 gubernet.
450 1601 575 1678 ltaque,
602 1617 699 1679 quum
722 1600 783 1661 duo
808 1600 875 1661 haec
898 1602 1094 1661 sacramenta

165 1697 334 1776 specialem
358 1695 496 1763 habeant
519 1696 704 1757 relationem
727 1713 798 1757 oum
821 1695 960 1757 Ecclesia
981 1696 1013 1756 in
1037 1711 1093 1756 suo

166 1811 232 1854 esse
254 1791 362 1854 sociali
383 1791 590 1868 considerata,
607 1793 700 1870 paulo
723 1792 838 1854 diutius
854 1792 892 1853 de
906 1793 944 1854 iis
963 1792 1095 1871 loquen-

166 1889 313 1950 domest.

203 1982 358 2044 Exordior
372 1999 391 2042 a
405 1984 602 2043 sacramento
617 1981 745 2044 ordinis.
764 1968 913 2062 Suppo'no
931 1981 999 2061 J'am
1020 1984 1095 2041 nota

167 2098 202 2140 en
223 2077 385 2156 theologia
409 2094 477 2156 quae
503 2077 660 2154 pertinent
680 2078 721 2138 ad
741 2077 978 2154 institutionem,
994 2079 1095 2138 mate-

166 2177 253 2253 riam,
279 2173 430 2250 formam‚
455 2172 643 2249 ministrnm,
669 2173 825 2252 subjecta,
849 2173 977 2234 effectus
1000 2173 1093 2253 hujus

166 2271 353 2336 sacramenti
365 2270 399 2330 in
418 2287 474 2330 suo
500 2271 627 2350 aspectu
651 2269 840 2348 dogmatico.
858 2269 1006 2346 Suppono
1019 2269 1094 2348 ¹jam

166 2372 254 2430 notos
265 2385 303 2427 ex
313 2365 421 2445 primis
430 2364 615 2426 lectionibus
626 2363 664 2424 de
676 2367 758 2426 statu
772 2380 978 2442 personarum
991 2365 1094 2424 varios

164 2463 280 2542 gradus
294 2463 327 2522 in
342 2477 421 2540 quos
444 2460 645 2540 distinguitur
666 2460 743 2521 ordo
762 2477 861 2536 sacer,
878 2458 961 2520 undo
976 2457 1093 2520 hierar·

165 2555 233 2620 chia
255 2556 373 2620 ordinis
393 2557 533 2618 resultat.
552 2555 709 2617 Goeroebo
730 2556 949 2618 tractationem
967 2555 1008 2617 ad
1024 2572 1094 2616 eam

165 2654 370 2736 partemuquae
385 2647 448 2728 juri
461 2652 567 2710 nostro
582 2650 682 2728 magis
697 2651 825 2728 propria
839 2653 896 2727 est,
909 2669 965 2712 sen
980 2651 1019 2710 de
1033 2649 1093 2710 dis-

165 2745 307 2824 ciplinari
327 2744 474 2806 Ecclesia
495 2746 680 2823 oeconomia,
700 2779 741 2792 --
761 2749 793 2806 1⁰
807 2747 910 2826 quoad
930 2747 1095 2808 admissio-

164 2859 235 2901 nem
257 2840 504 2920 suscipientium,
521 2873 561 2888 -
574 2847 606 2904 2⁰
626 2843 730 2922 quoad
750 2843 965 2908 ministrorum
986 2843 1094 2920 condi-

164 2937 293 3012 tionem,
309 2969 350 2982 -
363 2939 396 2998 3⁰
411 2937 515 3017 quoad
529 2937 658 2998 modum
676 2939 868 3014 conferendi,
884 2971 924 2986 -
941 2943 973 2999 4⁰
989 2938 1093 3018 quoad

163 3032 369 3112 obligationes
383 3033 495 3135 quibus
511 3032 676 3096 ordinatus
690 3022 885 3115 astringitur.

421 3180 442 3225 1.
457 3193 485 3228 nn
500 3191 630 3231 moursrrrs
645 3191 836 3228 onnrsrsnosnuc

202 3282 287 3344 Ordo
303 3289 534 3347 sacramentnm
544 3285 582 3346 de
593 3286 630 3346 iis
641 3285 751 3365 estqui
761 3285 975 3346 characterem
988 3285 1093 3366 impri-

163 3382 270 3439 munt:
288 3381 457 3457 propterea
470 3379 634 3440 ordinatur
648 3379 688 3438 ad
704 3378 874 3458 quemdam
892 3383 1008 3442 statum
1022 3399 1093 3460 per·

164 3477 345 3556 manentem
366 3477 398 3537 et
410 3479 606 3556 perpetuum.
624 3475 680 3538 Hic
700 3478 798 3540 status
819 3476 874 3558 qui
894 3477 1088 3538 sacramento
