2530 4016
187 257 246 316 278
398 265 627 313 rnsrrrunonns
648 264 730 309 rums
753 262 909 310 sonorior.

187 434 276 477 secus
292 434 329 476 ac
343 411 434 475 stella
448 432 468 475 a
481 412 572 475 stella
585 411 689 472 differt
702 410 846 472 claritate
860 409 892 470 in
908 409 1006 470 coelis.
1024 407 1120 472 Multa

187 515 291 574 essent
305 510 439 571 dicenda
454 509 492 568 de
507 507 602 569 variis
617 505 872 588 obligationibus,
884 523 939 566 seu
955 504 1066 566 melius
1081 506 1119 566 de

186 607 337 669 varietate
352 603 549 685 obligationis
564 621 627 683 qua
646 602 781 682 populus
792 600 980 662 christianus
995 601 1120 662 illorum

187 701 391 763 celebrationi
419 698 632 779 adstringitur.
660 698 813 761 Videlicet
826 697 904 758 ritus
924 696 1120 776 singularum

186 794 337 856 festarum
346 791 546 853 celebrationi
555 791 780 870 respondentes
788 791 820 850 in
829 789 939 850 officiis
953 789 1118 869 liturgicis,

186 895 318 970 possunt
331 889 466 967 spectari
481 889 546 949 sive
563 888 667 968 quoad
683 905 721 948 θα
734 905 804 968 quae
813 886 966 948 festorum
980 886 1121 947 celebra-

186 986 264 1047 tioni
284 983 529 1062 praemittuntur,
546 1001 594 1043 ex.
611 1001 673 1063 gr.,
690 982 825 1062 vigiliae3
843 982 907 1042 sive
923 981 962 1041 ad
988 1000 1025 1041 ea
1049 998 1119 1058 quae

187 1083 431 1158 consequuntur,
448 1077 594 1140 videlicet
602 1087 738 1152 octavae3
753 1078 819 1139 sive
830 1079 870 1139 ad
882 1096 996 1158 eaquae
1007 1094 1121 1138 conco-

187 1176 348 1252 mitantur,
358 1173 587 1235 videlicetritus
595 1173 756 1234 nobilioris
765 1174 816 1235 vel
824 1173 981 1234 inferioris
989 1173 1117 1234 ordinis

226 1268 297 1329 Alia
307 1267 391 1328 euim
405 1266 604 1329 celebrantur
613 1267 674 1327 ritu
683 1265 827 1344 simplici,
837 1266 898 1326 alia
912 1265 974 1327 ritu
989 1263 1118 1342 duplici,

186 1365 248 1427 alia
261 1367 323 1426 ritu
347 1362 571 1442 semi-duplici.
590 1365 664 1435 Quae
684 1363 883 1424 celebrantur
904 1362 966 1424 ritu
988 1360 1118 1440 duplici,

186 1459 248 1519 alia
261 1462 335 1520 sunt
357 1457 551 1533 communia,
576 1455 638 1518 elia
657 1463 730 1518 sunt
748 1444 886 1537 duplicia
908 1456 1040 1536 majora,
1059 1455 1122 1515 alia

186 1554 306 1634 primae,
323 1554 386 1614 alia
399 1553 546 1614 secunda
570 1553 687 1614 classis.
704 1555 751 1615 lta
764 1559 801 1614 ut
822 1553 1029 1632 obligationes
1051 1553 1123 1632 qui-

184 1650 244 1709 bus
264 1653 390 1711 tenetur
412 1648 547 1727 populus
575 1649 762 1711 christianus
790 1649 831 1710 ad
863 1667 902 1710 θα
929 1648 1122 1709 celebranda

187 1745 321 1823 spectari
343 1743 464 1822 possint
484 1743 550 1804 sive
571 1744 612 1803 ad
633 1763 761 1824 eaquae
788 1744 999 1820 antecedunt,
1022 1742 1122 1804 veluti

182 1839 314 1919 jejunia,
331 1839 396 1899 sive
412 1839 453 1900 ad
468 1856 590 1919 eaquae
605 1841 871 1913 concomitantur;
892 1839 1048 1921 siquidem
1062 1838 1123 1898 ali-

185 1936 311 2014 quando
328 1953 366 1994 ea
380 1934 474 1996 debet
487 1935 683 1996 sanctificare
704 1935 864 1996 auditione
877 1937 981 1998 missoe
1001 1939 1032 1998 et
1046 1935 1123 1997 abs—

185 2031 317 2092 tinentia
324 2031 364 2090 ab
379 2030 526 2108 operibus
534 2031 715 2118 servilibus;
733 2032 902 2112 aliquando
912 2036 1037 2095 tenetur
1050 2025 1123 2093 tan-

184 2130 252 2187 tum
273 2127 382 2188 audire
404 2144 543 2206 sacrum,
567 2146 630 2189 non
650 2129 695 2190 ita
713 2128 869 2189 abstinere
895 2147 913 2189 a
934 2125 1119 2201 servilibus;

185 2222 353 2304 aliquando
369 2217 480 2283 neutr'a
495 2223 685 2306 obligatione
695 2227 830 2301 tenetur,
843 2224 899 2285 sed
912 2225 1038 2286 illorum
1052 2224 1122 2284 cul-

138 2328 141 2338 *
169 2321 170 2324 ’
184 2321 235 2379 tus
249 2317 443 2400 singulorum
458 2318 617 2380 devotioni
630 2319 827 2398 relinquitur.

226 2414 384 2492 Similiter,
401 2416 466 2476 sive
482 2415 570 2493 ritus,
584 2416 649 2478 sive
665 2416 872 2496 obligationes
886 2416 972 2478 festis
987 2435 1120 2499 respon-

186 2511 296 2570 dentes
319 2513 392 2572 sunt
409 2512 503 2572 variae
533 2530 590 2591 pro
614 2512 765 2573 varietate
785 2512 939 2575 locorum.
963 2513 1025 2574 Sed
1049 2513 1119 2574 haec

186 2605 292 2664 omnia
305 2606 357 2664 vix
377 2607 516 2666 innuisse
540 2607 686 2684 sufficiat,
701 2608 734 2667 in
754 2608 940 2669 tractatione
964 2609 1116 2688 generali,

185 2697 362 2775 proesertim
385 2700 436 2760 hic
454 2703 511 2762 ubi
533 2721 595 2764 non
621 2703 743 2782 agimus
767 2705 806 2765 de
828 2705 979 2767 varietate
1000 2706 1118 2772 rituum

185 2797 479 2874 ecelesiasticorum,
495 2800 552 2859 sed
568 2801 688 2862 directo
703 2803 743 2864 de
758 2802 937 2864 calendario
952 2803 1118 2865 ecclesias-

186 2895 258 2956 lico.

225 2993 266 3053 Ut
280 3009 354 3072 ergo
370 2990 498 3053 redeam
522 2992 562 3053 ad
577 3009 707 3070 scopum
728 2994 931 3075 principalem
954 2999 1116 3074 presentis

185 3088 391 3166 tractationis,
415 3109 453 3150 ex
468 3088 612 3151 omuibus
636 3089 733 3168 festis,
749 3090 811 3152 duo
835 3092 950 3172 eligam
965 3113 1035 3175 quae
1060 3097 1117 3156 ha-

185 3181 261 3242 bent
274 3182 428 3262 majorem
452 3183 637 3246 affinitatem
660 3204 732 3246 cum
754 3186 971 3251 distributione
993 3196 1116 3272 tempo-

185 3294 256 3335 rum
270 3277 302 3336 in
317 3280 460 3356 ecclesia,
473 3281 577 3360 quoad
592 3281 710 3342 cultum
725 3282 877 3346 divinum.
895 3286 975 3347 Sunt
989 3292 1111 3350 autem:

185 3371 217 3428 l⁰
231 3369 346 3432 festum
370 3375 546 3436 Natiuitatis
561 3378 702 3452 Domini;
719 3382 752 3440 2⁰
766 3378 881 3442 festum
895 3383 1054 3445 Paschalis
1069 3401 1115 3445 re-

185 3466 386 3527 surrectionis
402 3469 440 3528 de
456 3471 569 3547 quibus
583 3474 724 3534 seorsim.
