2530 4016
360 279 399 323 nn
421 276 548 324 ourscro
569 279 650 324 roms
671 278 827 324 curemur.
853 283 855 290 ’
1005 267 1061 326 331

131 429 229 502 muni,
247 441 316 504 quae
331 427 410 483 nutu
425 422 581 501 Episcopi,
594 439 652 500 per
666 439 778 483 manus
792 423 996 485 diaconorum
1006 441 1063 502 pro

131 514 327 602 singulorum
340 519 452 580 merito
467 517 517 580 vel
532 518 563 578 iu
578 518 765 580 victualibus
781 518 829 579 vel
849 519 881 579 in
899 526 1065 584 numerata

130 615 264 696 pecunie
272 613 541 674 ministrabantur.

171 712 302 784 Quando
318 709 433 770 saeculo
449 696 608 770 vinducte
618 713 676 784 est,
690 711 721 768 et
732 708 847 769 saeculo
861 723 893 768 xr
907 706 1062 785 restituta,

130 809 194 868 vita
209 804 384 867 communis
406 805 488 865 inter
502 803 633 864 clericos
647 803 688 863 ad
703 804 803 865 instar
823 803 1062 880 monachorum,

127 903 179 981 jus
199 900 382 981 temporalis
410 899 612 960 emolumenti
633 899 735 961 officio
756 899 911 978 spirituali
935 916 1064 977 respon-

130 999 266 1060 densita
287 995 502 1076 modificatum
528 1002 624 1057 estut
647 1015 704 1075 pro
729 995 832 1058 officio
848 995 1002 1074 spirituali
1022 995 1061 1056 ad

130 1094 214 1176 quod
229 1092 361 1154 clericus
378 1095 445 1154 erat
458 1091 677 1171 inauguratus,
699 1093 877 1171 acquireret
887 1091 940 1171 jus
955 1091 995 1152 ed
1009 1093 1064 1152 ali-

130 1195 237 1252 me'nta
260 1189 299 1250 de
319 1207 430 1249 mensa
451 1187 621 1263 communi,
638 1205 675 1247 ao
699 1187 892 1250 domicilium
915 1188 953 1248 de
978 1204 1064 1248 com-

129 1287 216 1346 muni
230 1285 413 1358 diversorio,
430 1284 469 1345 ad
484 1287 587 1344 vestes
603 1286 634 1344 et
647 1285 762 1344 oaetera
776 1282 882 1344 omnia
896 1282 1009 1361 quibus
1018 1283 1063 1342 in-

129 1382 257 1462 digebat
271 1381 309 1441 de
325 1379 483 1442 communi
499 1378 780 1441 administratione.

167 1479 299 1551 Quando
313 1496 332 1538 a
347 1478 461 1538 saeculo
477 1493 520 1553 v1‚
538 1475 579 1536 ad
593 1493 625 1538 xr
640 1483 671 1537 et
686 1495 705 1536 a
718 1493 761 1553 xr,
778 1477 830 1538 vel
843 1491 913 1552 xrn,
927 1476 1064 1538 obtinuit

128 1575 293 1654 disciplina
316 1593 379 1654 qua
399 1573 518 1652 pradia
533 1574 684 1634 nonnulla
705 1573 855 1635 distracta
870 1591 889 1633 a
903 1574 1061 1634 communi

129 1670 398 1734 administratione
410 1661 688 1750 'conjungerentur
701 1669 829 1731 cuidam
852 1669 1061 1733 determinato

128 1768 230 1831 officio
246 1784 346 1843 sacro,
363 1765 408 1828 ita
421 1768 455 1827 ut
470 1765 525 1846 qui
538 1765 579 1826 ad
593 1765 770 1827 functiones
782 1765 865 1826 illius
880 1765 975 1828 officii
990 1786 1062 1846 per-

127 1863 294 1926 solvendas
309 1865 391 1924 esset
412 1859 583 1938 institutus
601 1880 637 1923 eo
652 1863 720 1940 ips'o
745 1863 923 1942 acquireret
933 1863 985 1944 jus
999 1865 1061 1924 sin-

126 1958 244 2042 gularis
271 1955 570 2034 administrationiS‚
596 1961 627 2018 et
653 1957 848 2019 ususfructus
877 1958 1059 2020 eorumdem

126 2055 327 2135 praediorum,
344 2060 419 2115 tuno
439 2053 491 2134 jus
512 2052 590 2114 illud
615 2052 655 2113 ad
676 2055 865 2132 temporales
889 2059 1060 2133 proventus

125 2149 165 2210 de
179 2146 302 2226 peculio
318 2145 528 2207 ecclesiastico
551 2145 797 2208 determinatum
821 2150 868 2209 est
891 2147 932 2208 ad
956 2153 1058 2210 certos

125 2241 279 2316 redditus,
295 2239 416 2300 fructus
439 2242 470 2301 et
493 2238 713 2300 emolumenta
728 2258 765 2299 ex
788 2239 916 2318 praediis
933 2242 1059 2303 rusticis

125 2335 330 2413 salomanis,
347 2335 397 2396 vel
422 2353 459 2397 ex
474 2335 569 2401 rebus
589 2353 660 2415 quae
682 2335 896 2397 immobilibus
919 2339 1059 2416 aequipa-

124 2439 246 2494 rantur.
263 2431 450 2512 Hujusmodi
465 2433 571 2492 autem
590 2431 678 2492 fundi
696 2432 824 2494 stabiles
843 2432 1059 2494 determinatis

126 2528 236 2590 officiis
262 2527 359 2588 sacris
386 2527 500 2589 adnexi
528 2528 603 2589 dicti
630 2537 703 2590 sunt
729 2529 854 2589 illorum
883 2527 1059 2590 officiorum

123 2623 291 2705 metendo,
307 2624 458 2686 translato
474 2625 627 2686 vocabulo
639 2643 658 2684 a
672 2624 805 2705 profana
817 2625 851 2685 in
865 2642 988 2686 sacram
1001 2625 1058 2684 mi-

124 2719 235 2782 litiam.
266 2720 441 2782 Praebenda
468 2719 552 2781 enim
589 2717 674 2798 opud
702 2723 861 2784 Romanos
893 2722 1057 2784 dicebatur

125 2815 210 2894 quod
235 2816 385 2877 exercitui
407 2816 612 2895 praebendum
634 2818 882 2895 concedebatur,
905 2819 971 2880 sive
997 2820 1054 2894 sal,

124 2909 211 2988 ligne
225 2912 401 2988 caeteraque
416 2911 456 2972 ad
470 2928 629 2972 annonam
644 2912 841 2991 pertinentia,
855 2929 925 2990 quae
940 2911 1058 2992 magis-

125 3005 268 3082 tratibus,
293 3007 425 3086 legatis,
455 3007 606 3070 militibus
625 3007 750 3086 hospitii
778 3007 880 3088 gratia
908 3008 947 3068 de
968 3025 1056 3068 more

125 3103 376 3183 suppeditentur.

164 3197 233 3257 Non
252 3197 343 3260 aliter
364 3197 467 3258 officia
485 3197 554 3275 ipsa
568 3211 658 3256 sacra
673 3195 786 3275 quibus
800 3196 871 3258 talis
885 3195 1057 3274 praebenda

125 3295 207 3354 esset
228 3282 361 3371 annexa,
385 3298 439 3355 aut
459 3291 655 3354 ususfructus
677 3291 789 3352 horum
804 3292 994 3371 praediorum
1010 3291 1056 3351 ol-

123 3389 194 3449 licio
205 3407 294 3450 sacro
310 3391 462 3467 adnexus,
479 3388 630 3450 translato
646 3388 799 3451 vocabulo
822 3409 841 3450 a
860 3388 992 3467 profana
1015 3389 1055 3448 ad

124 3485 368 3549 ecclesiasticam
398 3484 668 3566 significationem,
695 3485 875 3564 Beneficium
898 3485 959 3547 dici
983 3502 1055 3544 cou-
