2530 4016
397 275 435 321 ne
457 269 585 322 obrucre
605 269 688 320 runis
711 271 865 321 canorum.
1037 263 1093 322 345

164 423 259 486 munii
272 421 491 494 'ecclesiastici3
508 421 535 480 si
548 418 653 479 sterile
669 413 822 497 praedinm
836 419 915 480 tanti
925 417 1092 496 vendatur,

163 529 199 582 nt
213 540 251 580 ex
265 537 302 580 eo
317 517 437 597 acquiri
451 516 550 596 possit
564 514 769 590 fructiferum,
786 515 813 574 si
827 515 895 594 agri
913 513 1023 577 inculti
1045 515 1094 575 vel
1110 517 1112 520 ’

164 615 248 677 aedes
263 615 397 675 ruinosae
412 612 527 673 dentur
540 611 572 670 in
584 609 826 689 emphyteusim,
839 611 866 670 si
872 609 966 688 longe
974 615 1096 670 remota

88 761 90 768 ,
164 711 283 789 praedia
310 727 383 770 cnm
410 707 594 787 propinquis
622 706 743 785 possint
770 705 966 766 commutari.
996 707 1097 765 Debet

164 809 270 867 autem
284 805 400 866 utilitas
416 820 483 864 esse
498 802 674 878 manifesta,
692 817 750 862 nac
765 799 879 862 sufficit
893 799 977 879 quod
987 798 1096 860 Eccle-

164 900 211 960 sia
225 914 288 959 nun
304 896 535 958 damnificetur.

204 990 305 1051 Pietas
319 1009 331 1050 .·
350 990 377 1050 si
398 989 482 1050 bona
505 987 651 1050 Ecclesia
675 986 737 1048 sint
759 987 926 1048 alienanda
949 987 990 1048 ad
1013 986 1096 1047 redi-

164 1085 295 1148 mendos
319 1085 469 1163 captivos,
495 1093 651 1164 pauperes
673 1090 814 1164 tempore
838 1083 929 1145 famis
952 1084 1092 1159 nendos,

164 1180 384 1244 aedificandum
418 1178 588 1256 templum,
626 1178 842 1257 ampliandum
869 1177 1093 1240 caemeterium.

163 1281 224 1338 Pro
243 1277 292 1337 his
307 1275 409 1337 causis
422 1275 482 1335 ΡΡ.
505 1274 600 1334 etiam
621 1274 706 1334 bona
729 1277 760 1335 ot
773 1291 847 1334 vasa
862 1290 953 1335 sacra
974 1272 1097 1334 initiata

164 1371 397 1451 confregerunt,
414 1371 599 1445 conflarunt,
617 1369 837 1431 vendiderunt.

204 1467 268 1528 Sed
282 1465 504 1545 etiamsijustae
515 1466 563 1526 hae
572 1465 768 1526 alienationis
782 1465 1094 1542 intercidantcausae,

164 1578 226 1622 non
240 1562 311 1623 ideo
329 1561 430 1622 libera
452 1564 499 1622 est
522 1577 673 1622 concessa
696 1559 840 1622 omnibus
864 1560 996 1622 facultas
1020 1559 1096 1621 alie-

164 1657 271 1733 nandi,
293 1656 351 1716 nisi
370 1655 519 1735 legitimae
539 1655 634 1716 etiam
653 1655 864 1718 interveniant
882 1655 1096 1717 solemnitates
1117 1656 1119 1660 ’

164 1770 246 1832 quae,
264 1752 308 1813 uti
322 1751 568 1829 praemonebam,
586 1743 749 1831 juxta‘ius
773 1752 895 1833 vigens,
920 1752 1097 1814 consistunt

162 1848 196 1908 in
211 1864 364 1908 consensu
379 1846 499 1925 praelati
521 1863 594 1906 cum
612 1848 760 1924 capitulo,
783 1847 833 1908 vel
855 1846 985 1926 collegio
1005 1847 1097 1908 cleri-

164 1959 274 2004 corum
288 1945 343 2003 aut
356 1942 584 2004 monachorum
599 1940 657 2001 rita
673 1943 877 2021 congregato,
894 1942 920 2002 si
935 1959 985 2002 res
1000 1942 1097 2020 parti-

164 2041 241 2100 nent
268 2038 308 2099 ad
336 2054 480 2098 mensam
503 2037 729 2115 episcopalem,
755 2035 797 2098 ad
821 2036 968 2098 ecclesias
992 2039 1096 2100 cathe-

163 2132 279 2210 drales,
296 2133 337 2193 ad
351 2133 533 2211 capitulum,
550 2132 776 2194 monasterium
788 2133 839 2193 vel
855 2131 1020 2204 ecclesiam
1033 2134 1096 2194 col-

163 2231 323 2310 legiatam.
342 2231 374 2293 Si
388 2249 463 2292 vero
487 2234 601 2310 agatur
625 2231 663 2290 de
686 2229 777 2292 bonis
801 2231 1004 2292 eeclesiarum
1026 2249 1095 2308 quae

164 2326 346 2405 capitulum,
364 2326 414 2386 vel
428 2326 597 2406 collegium
617 2343 680 2386 non
698 2325 826 2402 habent,
844 2324 989 2387 alienatio
1005 2325 1096 2385 unius

164 2423 304 2485 ecclesiae
318 2429 440 2483 rectora
455 2423 514 2482 sub
539 2421 677 2500 episcopi
696 2421 897 2501 inquisitione
919 2426 950 2482 et
969 2421 1095 2482 decreto

165 2519 352 2581 celebratur.
371 2518 433 2580 Sed
449 2519 497 2578 his
509 2516 760 2578 solemnitatibus
775 2516 906 2577 accessit
920 2535 947 2578 c.
964 2522 982 2577 2
999 2517 1094 2597 (quod

164 2617 212 2672 est
227 2613 369 2693 Gregorii
383 2615 409 2673 X
425 2612 457 2671 in
481 2609 696 2690 lugdunensi)
712 2609 772 2671 hoc
790 2609 881 2672 titulo
896 2611 928 2672 in
942 2613 985 2688 6⁰,
1002 2611 1096 2671 benc-

163 2707 312 2785 placitum
336 2707 420 2768 sedis
445 2705 636 2785 apostolica,
663 2706 745 2784 quod
771 2706 899 2767 demum
923 2707 962 2766 ad
987 2724 1096 2767 omnes

164 2801 367 2865 alienationes
382 2803 575 2881 protractum
587 2804 634 2863 est
647 2819 704 2880 per
720 2805 977 2882 extravagantem
991 2801 1097 2862 Ambi-

165 2897 244 2959 rasa
257 2899 341 2961 inter
355 2915 548 2975 communes,
565 2899 674 2977 paucis
689 2898 826 2978 exceptis
842 2897 984 2958 casibus:
1000 2917 1002 2922 ’

204 2997 235 3055 1⁰
260 2995 293 3056 Si
316 2999 429 3073 agatur
452 2995 492 3055 de
512 2987 549 3054 'rc
576 2993 728 3055 immobili
752 2993 879 3072 quidem
902 2994 956 3054 sed
980 2991 1095 3053 modici

162 3091 289 3166 valoris,
307 3106 377 3168 quae
391 3093 429 3152 25
451 3089 638 3150 ducatorum
659 3089 709 3149 vel
728 3088 812 3150 circa
832 3091 873 3149 40
892 3105 1095 3150 romanorum

163 3189 357 3248 scutatorum
371 3186 510 3247 valorem
524 3202 587 3245 non
602 3183 767 3246 excedunt.

202 3285 233 3342 2⁰
249 3281 280 3345 Si
296 3300 398 3344 sermo
414 3283 454 3343 sit
469 3281 506 3340 de
522 3279 612 3340 bonis
628 3297 698 3359 quae
712 3279 789 3340 dari
810 3281 1042 3341 consueverunt
1062 3279 1094 3336 in

163 3379 404 3457 emphyteusim,
421 3376 470 3438 val
484 3375 665 3438 infeudari:
688 3375 859 3436 dummodo
880 3376 911 3436 in
934 3375 1018 3436 nnllc
1041 3373 1094 3434 de-

162 3475 269 3552 terior,
285 3477 347 3537 imc
362 3474 472 3536 melior
485 3491 610 3552 semper
623 3475 677 3533 liat
692 3473 839 3533 Ecclesiae
852 3472 1002 3533 conditio„
