2476 4022
68 301 70 308 .
164 262 182 316 2
373 268 603 314 rusurrurrouns
624 267 705 313 Jonrs
729 267 884 313 conemur.

166 430 199 472 se
221 415 329 474 teuent
343 429 379 472 ex
401 417 489 491 parte
509 411 665 490 negativa,
687 416 841 489 quatenus
862 427 974 489 nempe
993 427 1097 470 reme-

164 511 239 569 vent
254 507 416 568 obstacula
430 525 500 586 quae
515 507 584 566 finis
599 507 827 566 assecutionem
842 506 1027 585 impediunt.

204 600 307 662 Media
321 600 413 679 primi
428 593 552 681 generis
567 601 782 661 connaturalia
800 601 965 678 conceptui
991 598 1097 680 eujus-

162 693 240 754 libct
261 693 419 754 societatis
443 695 474 754 in
497 693 600 772 specie
623 693 769 754 dixerunt
789 711 859 766 res;
884 696 999 769 cetera,
1023 711 1094 772 quae

163 797 269 854 tamen
283 796 354 854 sunt
371 793 547 853 necessaria
566 795 793 871 consequenter
814 796 845 853 et
866 790 1092 868 conditionate,

162 887 305 966 inspecta
322 905 435 966 nempe
454 886 611 950 sociorum
627 885 874 965 imperfectione,
891 885 1020 965 proprio
1040 903 1095 946 no·

163 982 246 1043 mine
262 981 419 1062 appellata
433 1001 450 1043 e
464 1001 570 1043 rerum
585 982 727 1060 catalogo
743 984 971 1058 expunxerunt.

100 1083 101 1088 ’
204 1079 300 1141 Porro
323 1078 385 1140 duo
404 1084 477 1139 suut
496 1077 658 1140 obstacula
677 1094 759 1157 quae,
776 1075 808 1136 in
827 1080 975 1155 corrupta
994 1077 1095 1140 homi·

163 1192 240 1235 num
255 1179 379 1252 natura,
390 1173 461 1234 finis
471 1173 701 1236 assecutionem
711 1172 887 1251 impediunt
899 1190 906 1231 :
917 1172 1096 1251 ignorantia

164 1275 195 1334 et
209 1270 478 1351 concupiscentia3
495 1272 560 1350 illa,
573 1289 643 1353 quae
655 1289 689 1333 se
703 1275 789 1334 tenet
803 1289 840 1332 ex
855 1275 944 1350 parte
958 1270 1095 1335 intellec·

163 1372 225 1446 tus,
242 1372 274 1431 et
286 1367 372 1429 dubii
388 1372 420 1431 et
433 1369 549 1432 erroris
563 1373 665 1430 mater
680 1371 745 1441 est;
763 1367 862 1430 altera
877 1384 947 1447 quae
962 1385 995 1428 se
1009 1371 1095 1430 tenet

164 1481 200 1526 ex
214 1469 304 1544 parte
318 1463 498 1542 veluntatis,
511 1469 543 1526 et
553 1464 674 1543 peccati
690 1469 721 1524 et
736 1461 841 1524 delicti
856 1465 903 1524 est
915 1480 1041 1540 pareus.
1054 1465 1095 1526 Ut

164 1576 239 1639 ergo
253 1559 385 1621 societas
399 1559 563 1621 hominum
582 1563 692 1621 contra
711 1558 825 1636 duplex
846 1557 1043 1620 obstaculum
1059 1575 1093 1620 se

163 1656 378 1737 praemuniret,
394 1655 499 1718 media
513 1654 661 1737 quaedam
674 1653 808 1717 instituit
826 1671 897 1736 quae
912 1658 1091 1735 utrumque,

164 1754 317 1832 quantum
331 1749 399 1811 lieri
413 1755 527 1831 potest,
544 1750 690 1813 tollerent
705 1769 712 1812 :
730 1747 852 1829 judicia
870 1755 905 1811 ut
919 1749 1016 1811 dubia
1029 1749 1093 1810 dis·

164 1842 371 1920 solverentur,
388 1843 615 1906 damnarentur
629 1847 661 1906 et
673 1860 815 1918 errores3
839 1860 950 1922 peenas
969 1846 1004 1905 ut
1021 1859 1094 1923 pec·

164 1943 236 2000 cata
249 1936 453 2016 punirentur,
471 1942 807 2018 compescerentnrque
835 1937 960 2001 delicta.
991 1939 1093 2011 Quare

163 2035 282 2098 iactum
297 2040 344 2096 est
358 2038 393 2098 ut
402 2035 470 2098 haec
480 2035 543 2097 duo
557 2035 673 2112 media,
684 2051 754 2115 quae
765 2034 823 2096 sub
835 2034 975 2114 generali
988 2052 1093 2096 rerum

164 2128 392 2211 significatione
415 2131 737 2211 comprehenduntur,
759 2131 887 2214 proprio
910 2133 1017 2192 tamen
1037 2147 1095 2192 no·

164 2226 248 2288 mine
264 2227 421 2306 distincto,
437 2247 454 2291 a
470 2235 645 2292 ceterarum
659 2245 766 2290 rerum
780 2228 923 2310 catologo
939 2230 1094 2307 expuncta

163 2328 247 2385 eunt.

196 2419 314 2483 Solent
327 2424 434 2482 tamen
447 2421 629 2503 frequenter
643 2425 788 2484 auctores
801 2420 1031 2483 institutionum
1041 2420 1094 2502 ju·

163 2517 218 2594 ris,
242 2533 304 2576 non
325 2517 358 2577 in
379 2517 458 2578 duas
479 2518 535 2578 sed
555 2519 587 2578 in
603 2503 745 2597 'quatuor
762 2523 867 2596 partes
889 2516 1091 2596 distinguere,

164 2629 299 2692 quarum
320 2629 384 2674 una
404 2612 443 2673 de
465 2612 618 2692 personis,
635 2614 734 2674 altera
756 2612 794 2673 de
815 2614 919 2689 rebus,
940 2613 1033 2674 tertia
1054 2613 1093 2674 de

161 2703 298 2784 judiciis,
315 2705 425 2766 ultima
439 2703 478 2766 de
494 2706 595 2784 poenis
614 2711 859 2783 nuncuparetur.
878 2708 1004 2781 Verum,
1022 2721 1094 2765 cum

166 2817 222 2861 nos
237 2797 276 2859 de
287 2800 399 2879 poenis,
412 2802 486 2864 satis
496 2801 617 2881 egimus
631 2820 702 2862 cum
717 2801 813 2863 locuti
828 2819 935 2862 sumus
949 2801 989 2862 de
1003 2818 1095 2868 sanc-

164 2895 251 2958 tione
269 2896 376 2976 legum
395 2899 686 2973 ecclesiasticarum,
704 2916 824 2962 novam·
837 2899 918 2960 lranc
936 2899 1094 2960 tractatio-

165 3010 238 3055 nem
259 2996 440 3074 generalem
463 2997 501 3058 de
524 2996 619 3058 rebus
642 3013 823 3060 coercemus
846 2996 887 3056 ad
911 2998 1093 3057 natantum

165 3090 271 3152 media
284 3108 354 3171 quae
373 3092 505 3174 positive
525 3093 697 3156 Ecclesiam
717 3093 864 3155 ordinant
884 3093 925 3154 ad
944 3096 1094 3154 aternam

164 3187 354 3251 felicitatem.

205 3287 244 3347 ll.
269 3287 417 3350 Jamvero
445 3289 559 3352 horum
585 3288 761 3350 mediorum
789 3305 851 3349 non
879 3291 927 3350 est
953 3284 1095 3352 omnium

166 3383 278 3444 eadem
290 3387 470 3464 proximitas
481 3388 637 3448 adfinem.
650 3388 728 3446 Nam
742 3385 805 3446 alia
817 3387 891 3446 sunt
904 3381 1009 3444 media
1023 3397 1093 3460 quae

166 3479 283 3544 directe
310 3481 352 3546 ad
379 3486 476 3548 vitam
501 3483 771 3566 spiritualemseu
799 3479 1091 3562 supernaturalem,
