2548 4020
397 303 437 348 nn
458 301 586 348 ocaeano
606 301 689 348 rums
711 301 866 348 canonici.
1039 292 1095 352 193

205 449 269 512 Sed
283 445 437 510 sumendo
452 461 566 507 nomeu
580 444 698 525 gradus
712 462 751 505 ex
761 443 833 526 jure
846 445 941 523 civili,
957 446 1097 510 Ecclesia

163 565 227 608 non
242 542 377 623 sumpsit
390 541 675 621 computationem
697 559 772 622 ergo
787 544 822 603 ut
837 543 1026 622 computatio
1040 563 1097 626 per

163 643 282 725 gradus
306 640 518 721 applicaretur
545 639 770 719 computationi
790 655 847 718 per
865 641 1094 721 generationes,

164 738 275 802 debuit
294 737 357 798 dici
370 736 489 816 primus
502 735 621 816 gradus
634 733 736 814 prima
750 734 922 814 generatio,
941 738 1097 799 secundus

164 831 284 913 gradus
306 829 446 891 secunda
467 828 642 909 generatio.
672 827 734 890 Sed
758 828 905 907 quaelihet
935 832 1096 911 generatio

164 925 407 1006 comprehendit
420 925 625 988 ascendentes
640 928 671 988 et
686 924 911 988 descendentes
926 929 957 989 et
973 923 1098 989 collate·

165 1024 259 1086 rates.
283 1021 360 1084 Inde
380 1021 413 1082 in
438 1023 577 1102 quolibet
596 1021 709 1102 gradu,
733 1039 789 1082 seu
811 1023 1013 1102 generatione
1037 1023 1099 1084 dis·

164 1119 264 1181 tincta
278 1123 326 1178 est
339 1117 423 1178 linea
436 1120 523 1180 recta
537 1118 652 1178 alinea
668 1117 806 1196 obliqua,
818 1134 873 1178 seu
883 1119 1096 1195 transversarii,

164 1215 216 1277 vel
231 1213 414 1277 collaterali.
623 1293 625 1297 ,

207 1311 316 1374 XXXI.
334 1312 397 1372 Gur
410 1313 516 1372 autem
529 1309 626 1372 vetita
639 1309 701 1372 sint
716 1309 918 1372 matrimonia
930 1309 1012 1373 iuter
1025 1329 1100 1374 con·

165 1405 381 1489 sanguineos?
402 1405 629 1486 etqoomodo?
709 1461 711 1464 .

208 1507 239 1564 1⁰
258 1503 306 1564 Ob
325 1502 586 1582 concupiscentie
603 1502 880 1582 compressionem,
897 1503 948 1564 cui
968 1502 1101 1564 fraenum

165 1603 328 1664 laxaretur
340 1599 367 1660 si
386 1598 587 1660 matrimonia
607 1599 652 1660 ita
674 1599 757 1661 inter
777 1598 948 1660 familiares
969 1599 1023 1678 qui
1040 1600 1100 1661 sub

165 1694 279 1756 iisdem
292 1693 383 1757 tectis
398 1695 643 1764 commorantur,
659 1693 938 1768 contraherentur;

113 1841 115 1844 .
207 1796 239 1852 2⁰
254 1790 301 1852 Oh
315 1790 525 1852 reverentiam
540 1788 723 1868 parentibus
737 1789 891 1864 debitam3
907 1793 940 1854 3ο
955 1791 996 1854 ob
1011 1790 1102 1852 diffu-

166 1886 289 1946 sionem
304 1883 474 1946 charitatis.

207 1983 254 2044 Ex
273 1979 470 2059 proximitate
491 1979 574 2040 enim
593 1978 723 2059 quidam
741 1996 864 2040 amores
878 1980 1031 2056 oriuntur,
1048 1981 1102 2060 qui

168 2099 241 2144 cum
255 2097 362 2148 amore
376 2079 537 2162 conjugali
545 2079 627 2140 male
636 2078 873 2153 consociantem
885 2079 941 2140 sed
951 2098 1102 2142 verecun·
1179 2063 1182 2070 ¹

168 2177 227 2238 dus
241 2176 483 2256 propinquitatis
498 2194 587 2237 amor
600 2192 724 2236 cessare
735 2174 839 2251 debet,
853 2177 887 2236 ut
895 2173 976 2235 liber
985 2179 1017 2237 et
1030 2192 1103 2237 ccu-

168 2272 336 2334 fidentialis
366 2289 455 2332 amor
483 2270 623 2351 incipiat.
647 2270 711 2333 Sed
739 2273 853 2332 natura
873 2269 940 2330 vult
962 2287 1103 2332 amorem
1213 2336 1215 2340 ,

135 2439 137 2444 ,
169 2368 313 2444 diffundi,
329 2384 392 2428 noo
408 2367 548 2448 extingui
562 2365 727 2448 conjugi03
743 2364 919 2428 interenim
933 2365 1010 2426 alios
1023 2366 1103 2426 dues

169 2483 248 2546 quos
272 2463 330 2525 sihi
353 2465 437 2525 Deus
457 2463 622 2543 proposuit
642 2461 833 2524 instituendo
854 2460 1101 2538 matrimonium,

170 2559 348 2622 enumerari
369 2576 462 2640 posse
475 2559 610 2634 videtur,
627 2577 700 2620 oum
714 2558 889 2640 Augustino
909 2558 975 2640 (lib.
992 2558 1048 2620 XV
1063 2557 1103 2618 de

170 2657 273 2734 civia,
291 2674 360 2736 cap.
376 2656 455 2736 xor),
471 2655 542 2717 finis
561 2655 773 2718 diffundendae
789 2656 961 2719 charitatis.
977 2653 1103 2736 Ergoin

168 2755 238 2834 ipsa
253 2757 366 2817 natura
379 2753 619 2816 fundamentum
635 2757 691 2831 est,
709 2758 743 2817 ut
759 2773 817 2834 per
830 2754 1012 2836 hujusmodi
1031 2771 1105 2834 pro-
1136 2828 1138 2832 Ι

172 2851 373 2930 pinquitetes,
390 2849 508 2930 nuptia
523 2867 586 2912 nou
601 2851 783 2914 consistant.
949 2911 952 2916 .

210 2949 329 3008 Tamen
344 2963 417 3007 cum
430 2945 463 3006 in
477 2944 793 3027 ipsapropinquitate
811 2946 890 3010 varii
899 2947 1018 3024 gradus
1031 2958 1106 3024 pos-

170 3042 232 3105 sint
246 3041 436 3118 enumerari‚
453 3046 486 3102 et
505 3060 567 3122 quo
586 3042 687 3122 magis
706 3043 858 3124 gradosa
876 3059 931 3103 suo
951 3040 1104 3121 principio

171 3141 248 3201 fient
262 3137 459 3216 remotiores,
475 3155 513 3199 eo
528 3139 629 3219 magis
643 3139 795 3202 naturalis
814 3136 866 3198 ille
881 3155 971 3198 amor
990 3137 1106 3197 minui-

172 3240 234 3314 tur,
264 3253 343 3314 opus
364 3239 432 3298 erat
453 3239 488 3295 ut
508 3235 647 3297 humana
664 3235 714 3296 lex
728 3233 952 3297 determinaret
969 3233 1104 3313 gradum

173 3351 235 3412 quo
250 3333 369 3413 nuptia
383 3331 656 3395 interdicerentur.

212 3432 278 3492 Hoc
292 3433 400 3492 autem
414 3429 509 3491 efficit
523 3427 617 3488 modo
633 3425 743 3505 magis,
759 3425 852 3488 modo
867 3425 971 3486 miuus
985 3427 1105 3506 protra-

173 3523 278 3588 hendo
293 3526 475 3608 hujusmodr'
487 3524 623 3602 vincula,
644 3523 735 3604 juxta
748 3522 832 3604 quod
847 3521 974 3603 publica
987 3521 1105 3584 utilitas
