2476 4022
362 321 401 365 ne
422 319 550 366 omacio
569 318 651 366 tome
673 319 827 367 carorum.
979 365 982 370 ,
1018 309 1056 368 67

122 469 193 532 vult
208 469 244 530 ut
257 468 341 528 hune
356 465 439 528 dicat
453 465 581 544 petenti,
599 465 682 526 unde
696 465 762 544 ipse
777 483 845 526 rem
863 469 1058 547 compertam

110 568 244 632 ¹habeat
257 567 374 646 praeter
387 562 649 624 sacramentalem
662 561 903 640 contessionem,
919 570 951 625 et
967 568 1058 644 putat

124 663 211 724 hunc
225 678 334 722 casum
349 656 483 720 difficilis
494 657 711 738 executionis.)
721 691 762 703 -
774 661 806 718 2⁰
819 658 868 719 Ob
883 657 1057 736 periculum

123 757 352 833 irreverentiae,
381 755 526 832 infirmis,
553 743 679 835 quando
703 753 784 815 adsit
807 753 982 833 periculum
1002 775 1058 818 vo·

125 859 239 932 mitne3
261 855 492 936 energumenis,
512 855 570 916 nisi
586 853 733 916 sacerdos
753 854 828 934 ipsis
849 854 889 915 ab
910 854 1057 936 episcopo

124 953 368 1035 praepositusid
387 955 454 1032 tuto
476 950 710 1030 prudenterque
731 951 800 1012 fieri
824 968 916 1030 posse
936 949 1057 1030 judica·

124 1052 218 1114 verit.
241 1087 283 1098 —
302 1052 380 1112 'lota
403 1049 471 1112 haee
494 1047 658 1129 disciplina
680 1048 829 1111 fundatur
848 1049 880 1108 in
904 1047 1056 1129 dignitate

124 1147 325 1211 sacramenti.

373 1299 420 1344 111.
431 1300 541 1360 Quomodo
553 1306 574 1344 et
584 1299 671 1356 quaudo
682 1300 820 1356 suscipiatur.

166 1425 250 1486 xlv.
267 1421 345 1485 Olim
360 1423 468 1483 fideles
483 1422 535 1502 qui
544 1420 698 1492 sacrificio
708 1421 891 1499 intererant,
904 1423 1055 1503 quotidie,-

124 1525 234 1600 atqne,
252 1522 287 1579 ut
299 1517 478 1596 plurimum,
495 1518 553 1581 sub
566 1520 699 1598 utraque
714 1519 817 1596 specie
833 1519 922 1597 ponis
938 1519 1054 1596 etvini,

124 1611 357 1689 Eucharistiem
370 1611 576 1689 accipiebant.
594 1613 635 1674 At
651 1630 726 1674 vero
736 1693 737 1696 Ἴ
747 1612 929 1692 quotidiana
947 1613 1056 1676 isthaec

125 1708 296 1770 assiduitas
318 1708 498 1784 sacrificiis,
526 1708 709 1788 quotidiana
731 1709 840 1772 isthaec
863 1712 1053 1788 communio,

124 1805 349 1883 languescente
377 1803 484 1882 populi
510 1803 672 1864 christiani
698 1801 861 1883 charitate,
891 1805 1053 1869 obsolevit.

124 1904 214 1963 Tunc
232 1899 372 1960 Ecclesia
393 1898 470 1961 vidit
491 1897 701 1978 opportunum
719 1907 913 1980 praeceptum
933 1903 968 1962 nt
988 1902 1057 1981 qui·

124 1995 262 2056 busdam
275 1994 440 2073 pracipuis
456 1994 566 2078 dielius
581 1996 782 2074 reciperetur.
801 1996 940 2059 Primum
963 2003 1006 2058 ter
1026 1996 1057 2056 ic

124 2113 212 2170 anno,
229 2093 290 2153 hoc
305 2095 352 2154 est
364 2091 396 2151 in
411 2090 512 2152 Natali
527 2091 662 2167 Domini,
678 2092 709 2152 in
724 2091 876 2154 P'aschate
891 2096 922 2155 et
937 2093 968 2153 in
979 2095 1056 2154 Pen-

124 2191 254 2262 tecoste,
263 2190 356 2265 prout
365 2186 518 2246 hebemus
525 2182 592 2264 jam
602 2189 669 2246 tum
680 2203 715 2246 ex
728 2187 937 2248 monumentis
948 2188 988 2250 vl
998 2205 1055 2248 sm·

125 2283 196 2344 culi.
215 2284 348 2343 Demum
362 2282 396 2341 in
411 2282 505 2343 Cone.
523 2283 625 2342 Later.
644 2284 676 2342 ct
689 2279 773 2342 Trid.
792 2283 943 2342 statutum
957 2287 1005 2342 est
1022 2285 1057 2344 ut

125 2379 238 2442 saltem
252 2379 284 2438 in
302 2377 447 2438 Posetate
468 2377 635 2438 Christiani
655 2394 763 2437 omnes
784 2374 988 2436 Eucharistiae
1009 2393 1056 2436 sa·

126 2475 322 2536 crementum
350 2471 561 2549 susciperent,
593 2470 646 2549 qni
673 2469 714 2530 ad
737 2487 837 2530 annos
861 2467 1057 2556 discretionis

125 2566 352 2647 pervenissent.
369 2569 504 2644 Tempus
519 2563 666 2644 paschale
676 2581 696 2623 a
706 2563 863 2624 dominica
876 2562 1056 2624 Palmarum

126 2683 224 2745 nsque
239 2662 280 2724 ad
295 2661 490 2724 Dominlcam
503 2661 535 2722 in
550 2660 637 2722 Albis
651 2660 860 2738 protrahitur;
883 2661 999 2741 quique
1018 2660 1056 2724 iis

124 2759 306 2840 quindecim
321 2758 432 2819 diebus
446 2761 602 2837 praecepto
623 2775 686 2818 non
704 2758 864 2836 satisfacit,
886 2761 989 2838 poenis
1007 2779 1058 2822 ec·

124 2855 306 2918 elesiasticis
330 2847 501 2916 coercetur.
525 2853 680 2914 Caeterum
700 2851 841 2914 Ecclesia
860 2854 946 2932 eupit
966 2859 1001 2915 ut
1018 2854 1058 2915 ii-

123 2951 211 3013 deles
230 2951 416 3030 frequenter
436 2948 483 3009 ad'
500 2948 560 3012 hoc
583 2951 815 3012 sacramentum
838 2948 1001 3022 accedant,
1026 2956 1057 3013 et

123 3045 271 3126 religiose
286 3045 432 3106 observat
445 3044 571 3107 utillud
585 3043 744 3106 morituris
758 3043 955 3122 potissimum
969 3045 1057 3106 defe-

124 3149 221 3220 ratur,
239 3143 341 3206 utillo
356 3142 469 3204 viatico
485 3142 524 3202 ad
539 3142 635 3204 eliam
649 3143 747 3206 vitem
761 3143 952 3218 muniantur.
974 3142 1052 3220 lmo,

125 3256 160 3300 eo
186 3242 220 3302 in
249 3257 325 3301 casu
352 3238 497 3319 indulget
524 3241 558 3300 ut
580 3239 817 3301 administretur
840 3238 935 3300 etiam
958 3248 1053 3318 noem,

125 3336 218 3396 etiam
227 3334 306 3415 serio
321 3333 363 3395 VI
368 3352 534 3414 parasceve,
547 3335 644 3396 etiam
650 3353 706 3395 noo
708 3333 847 3414 jejuniis,
864 3335 959 3396 etiam
969 3343 1056 3397 entra

126 3434 281 3496 eccleciam.

164 3529 351 3594 Admodum
374 3530 459 3610 quod
482 3530 604 3607 attinet,
630 3529 738 3609 primis
761 3529 908 3596 Ecclesia
926 3481 1054 3593 saeculis
