2504 4024
168 264 225 324 130
373 271 600 320 mammenus
621 271 703 317 JUMIS
726 270 881 318 annorum.

167 418 267 480 solute
288 415 455 494 probibere
474 414 696 494 polygamiam,
720 414 776 476 sed
798 413 948 476 indirecte
969 414 1104 478 fovebat

167 513 410 593 monogamiam,

207 608 237 665 1⁰
252 603 395 666 Notaudo
410 602 546 667 Lameoh
560 603 696 680 primum
710 601 925 683 polygamum,
941 607 1101 684 tanquam

166 700 338 778 passimam
352 704 499 776 nepotem
513 698 617 778 stirpis
632 696 729 758 Caini.

205 799 237 856 2⁰
252 793 435 854 Exhibendo
450 809 655 872 monogamos
671 811 678 852 :
697 793 763 853 Noe
776 797 809 853 et
821 795 885 856 tres
899 793 990 872 lilios,
1008 796 1097 874 Sem,

167 890 276 966 cham,
292 889 417 966 Japbat,
435 888 488 967 qui
503 887 559 948 soli
574 905 593 946 a
608 887 724 949 diluvio
740 888 855 950 servati
870 891 953 950 suut.

72 973 76 980 ’
206 989 238 1047 3⁰
260 983 402 1045 Notaudo
424 982 607 1059 discordias,
631 982 713 1044 rixas
732 984 815 1046 inter
835 985 925 1045 Sarai
945 988 978 1047 et
996 987 1096 1064 Agar,

146 1069 249 1141 ⁵inter
270 1081 358 1140 Isaeo
380 1079 411 1137 et
432 1077 555 1153 ismael,
580 1095 642 1137 uon
667 1077 811 1140 obstante
826 1077 909 1160 quod
924 1077 1100 1157 bigamiam

167 1174 302 1236 Abrahae
322 1173 451 1236 indueat
470 1169 636 1251 eujusdam
653 1172 761 1236 formae
780 1174 829 1236 sui
847 1173 982 1254 generis,
998 1173 1043 1235 ita
1060 1181 1101 1235 ut

167 1271 270 1348 polius
290 1270 323 1330 in
344 1269 479 1349 gratiam
499 1266 604 1328 uxoris
622 1267 746 1344 sterilis,
764 1268 830 1328 sine
851 1267 915 1328 ulla
936 1267 1101 1328 inordina-

167 1366 252 1428 tione
265 1365 396 1425 alloetus
409 1363 557 1440 Abrahae,
572 1362 716 1424 videatur
729 1365 815 1442 Agar
828 1362 941 1424 aneilla
961 1363 1002 1423 ad
1021 1381 1101 1424 eon-

168 1462 350 1522 oubinatum
366 1461 537 1538 assumpta,
554 1475 650 1537 quam
667 1459 768 1521 eleota
785 1462 821 1521 ut
839 1475 918 1520 uxor
936 1458 1101 1537 eumprin-

168 1558 288 1636 oipalis.
897 1579 901 1586 ⁴

206 1655 239 1712 4⁰
266 1652 433 1713 Constituit
460 1655 496 1712 ut
517 1651 566 1712 vir
588 1651 774 1731 polygamus
798 1650 928 1713 deberet
950 1651 1099 1712 omnibus

166 1747 316 1808 uxoribus
331 1745 472 1808 debitum
485 1746 618 1807 reddere
633 1764 691 1807 neo
704 1746 824 1807 anoillis
839 1745 986 1826 exeeptis,
1002 1746 1048 1806 ita
1062 1753 1101 1807 ut

166 1841 192 1901 si
206 1859 297 1903 secus
311 1842 411 1919 fieret,
427 1841 528 1901 libera
542 1841 700 1902 evaderet.

206 1941 237 1998 5⁰
253 1939 393 2014 neuter,
410 1953 487 2014 xvrr,
504 1939 540 1996 l'l
563 1956 570 1996 :
594 1935 733 1996 Prohibet
750 1955 786 1996 oe
804 1955 858 1998 reo
872 1936 976 1998 babeat
990 1955 1099 1998 osores

166 2031 309 2110 plurimos
323 2049 388 2110 quoe
401 2031 536 2091 alliciant
550 2031 679 2091 animam
693 2031 764 2108 ejus,
782 2036 841 2092 eto.

206 2127 276 2188 nlia
298 2127 480 2207 hujusmodi
500 2127 607 2189 videre
629 2132 676 2187 est
700 2127 840 2214 inlibris
863 2127 998 2205 Moysis,
1026 2145 1098 2206 quea

166 2242 238 2285 oum
253 2243 291 2285 ex
305 2225 366 2286 alia
375 2227 464 2304 parte
475 2223 691 2286 demonstrant
700 2223 853 2300 Moysem,
865 2241 921 2301 pro
932 2224 1040 2302 populi
1049 2225 1100 2284 in-

166 2320 237 2380 dole
253 2320 303 2380 eui
316 2320 419 2399 legem
434 2319 539 2396 dabat,
557 2319 698 2380 absolute
712 2335 775 2385 uon
789 2318 956 2396 prohibere
964 2319 1097 2396 polyga-

165 2415 263 2475 miam
279 2435 286 2476 :
303 2414 397 2494 hujus
412 2415 496 2476 enim
510 2415 588 2496 legis
602 2414 811 2492 adimplendae
826 2431 884 2491 par
905 2430 967 2474 nou
984 2412 1098 2472 fuisset

165 2511 299 2588 populus
316 2510 482 2590 judaicus;
500 2531 538 2571 ax
552 2511 614 2573 alia
628 2528 702 2572 vero
718 2509 823 2571 omnia
842 2527 879 2569 eo
899 2508 1046 2569 eonduoit
1061 2512 1098 2570 ut

112 2669 114 2673 ,
165 2605 381 2666 demonstrent
396 2607 607 2685 polygamiam
621 2624 684 2668 non
703 2624 770 2668 esse
789 2609 906 2666 statum
918 2604 1095 2666 normalem

120 2705 125 2717 ’
166 2698 314 2780 conjugii,
331 2701 387 2760 sed
402 2701 607 2762 anormalam.

205 2797 273 2856 Non
288 2795 428 2857 dissimili
444 2797 621 2858 oeeouomia
632 2798 756 2874 Moyses
771 2815 845 2858 usus
859 2802 907 2857 est
927 2795 1032 2876 quoad
1046 2795 1097 2855 di-

165 2890 311 2953 vortium.
328 2892 393 2952 llao
408 2891 503 2952 etiam
521 2893 553 2953 iu
573 2911 606 2952 ra
626 2893 677 2953 lex
695 2895 763 2954 erat
781 2892 887 2972 populi
906 2889 1025 2953 viribus
1040 2907 1095 2968 ap·

164 2988 262 3050 tanda
276 2988 389 3068 quibus
403 2987 548 3050 dabatur.
565 2989 649 3048 Dura
667 2987 872 3050 Iiaebreorum
892 2987 997 3048 oervix
1011 2987 1095 3046 male

95 3131 97 3136 .
165 3084 361 3146 sustinuisset
380 3083 483 3163 legem
503 3083 653 3146 absoluta
672 3082 913 3161 perseverantia
932 3080 1093 3144 oouuubii.

165 3181 310 3241 Facilitas
325 3180 500 3242 dimittendi
514 3194 627 3240 uxores
642 3198 680 3240 ex
693 3179 762 3257 ipsa
772 3177 952 3256 polygamia
966 3179 1044 3252 orta,
1060 3180 1097 3236 ut

165 3288 261 3357 supra
275 3274 412 3350 positum
431 3277 488 3350 est,
508 3273 541 3333 in
561 3272 711 3350 populum
732 3272 893 3332 boebreum
910 3271 1093 3347 irrepserat.

166 3365 198 3426 Si
214 3367 336 3443 Moyses
350 3369 563 3445 prohibuisset
576 3367 755 3444 divortium,
771 3367 822 3427 lex
836 3365 986 3428 uxoribus
1000 3365 1097 3426 inter-

165 3460 306 3522 ficiendis
319 3463 518 3525 oooasionem
531 3462 607 3524 dare
626 3463 788 3541 potuisset.
808 3460 888 3534 Quid
910 3478 985 3540 ergo
1006 3459 1098 3538 Moy-
