2476 4022
364 273 402 318 oa
424 273 551 318 omnam
571 272 653 317 roms
675 269 829 319 arnamar.
1041 259 1059 318 3
1147 295 1152 304 ·

125 439 240 502 nempe
255 418 407 480 advitam
422 415 495 476 fidei
510 418 541 477 et
551 415 688 502 aaritatis
699 415 895 492 ordinantur,
907 433 945 476 aa
955 415 1060 495 proin-

127 519 167 580 de
191 515 333 596 proxime
357 513 466 572 ultimo
484 512 538 572 fini
563 509 753 573 deserviunt.
779 510 849 572 Alia
881 527 955 572 vero
988 515 1061 572 suut

126 627 198 692 quae
214 609 334 693 directe
353 605 539 666 ordinantur
557 605 598 666 ad
617 603 793 683 physicam,
810 603 987 665 materialem
1003 623 1060 666 sau

125 704 293 766 naturalem
321 700 467 762 Euolasiae
494 701 592 764 vitam
622 700 848 778 sustinendam,
872 719 1005 780 quaque
1026 701 1060 762 in
1125 741 1127 748 ι
1232 689 1233 696 ¹

126 801 223 862 finem
243 796 516 875 supernaturalem
535 815 598 856 non
618 793 803 856 ordinantur
822 795 879 856 nisi
896 803 1015 858 remote
1030 801 1062 858 et

127 901 285 976 quatenus
300 893 368 970 ipsa
382 890 533 953 naturalis
547 891 695 952 Eoolesiae
710 891 875 953 existentia
889 895 921 953 et
935 909 1062 953 aonser-
1183 950 1190 964 ,

127 989 212 1053 vatio
233 989 274 1049 ad
297 995 447 1048 aeternam
465 987 599 1048 refertur
618 986 807 1063 felicitatem,
825 1005 861 1048 aa
875 987 972 1048 veluti
987 1007 1062 1069 sup-

127 1086 266 1168 positum
280 1083 440 1145 constituit
459 1083 532 1143 vitae
551 1082 809 1162 supernaturalia.
827 1083 922 1143 Primi
936 1083 1061 1163 generis

127 1181 245 1256 media,
262 1197 335 1240 oum
348 1177 466 1240 directe
480 1178 680 1257 porrigantur
694 1177 734 1238 ad
746 1178 842 1239 vitam
853 1179 1059 1257 spiritualem,

127 1275 191 1338 diei
212 1276 345 1353 possunt
365 1291 410 1333 rea
433 1272 612 1352 spiritualer.
637 1273 773 1335 Seaundi
796 1274 920 1351 generis
943 1273 1058 1349 media,

126 1371 246 1452 quippe
261 1369 380 1430 direpte
395 1375 427 1429 et
439 1369 619 1431 immediate
634 1369 675 1430 ad
689 1369 895 1448 temporalem
912 1370 1062 1432 eonstitu-

128 1469 248 1530 tionem
263 1464 418 1542 ordinata,
432 1463 494 1525 dioi
508 1468 640 1543 possunt
653 1482 700 1526 res
716 1465 898 1545 temporales.

169 1564 274 1635 Quare
288 1559 356 1621 haeo
367 1559 505 1622 secunda
517 1561 614 1622 seatio
624 1560 665 1621 de
679 1559 802 1622 interno
817 1560 963 1622 doalesiae
977 1563 1061 1625 stata

128 1659 161 1720 in
176 1655 288 1718 ordine
302 1673 339 1716 aa
354 1673 404 1718 ree
419 1655 569 1736 distingui
587 1658 690 1736 potest
710 1656 742 1716 in
763 1656 843 1717 daos
856 1655 963 1719 titulos
976 1656 1061 1736 prin-

128 1751 272 1832 ripales:
294 1751 430 1836 primum
450 1751 490 1812 de
510 1754 593 1814 statu
613 1751 760 1813 anlesiae
780 1752 885 1832 quoad
902 1767 953 1814 res
971 1751 1061 1832 spiri·

127 1847 246 1922 tuales3
270 1846 404 1909 alterum
423 1847 462 1910 de
478 1851 562 1911 statu
583 1847 730 1911 Elealeeioe
749 1847 922 1928 quoadres
942 1850 1061 1929 tempo-

127 1944 222 2024 mles,
549 1956 552 1961 ’
669 1951 672 1958 “

169 2039 248 2100 Cum
263 2055 338 2099 vero
354 2039 500 2118 quaedam
514 2057 564 2102 res
579 2039 641 2102 sint
655 2039 775 2121 quade
786 2043 919 2120 utroque
934 2039 1062 2119 partiei-

127 2138 209 2218 pent
223 2134 391 2213 elemento,
408 2135 513 2218 qualia
532 2141 606 2200 sunt
624 2136 779 2198 beneficia
798 2137 1009 2199 ecelesiastica
1021 2169 1062 2182 --

127 2231 324 2313 spiritualia,
347 2236 501 2315 quatenus
525 2233 629 2296 offioia
649 2236 723 2295 sunt
745 2250 850 2310 seara,
876 2234 1062 2312 temporalia

128 2346 217 2406 vero,
234 2328 267 2389 in
287 2333 439 2408 quantum
458 2331 618 2392 continent
634 2330 688 2412 jus
706 2329 747 2390 ali
765 2329 985 2409 temporalium
1005 2331 1063 2391 ali·

128 2428 324 2503 mentorum,
354 2459 395 2471 -
417 2426 456 2487 de
480 2426 662 2507 hujusmodi
690 2426 784 2487 rebus
808 2443 878 2507 quae
898 2425 970 2508 jure
1000 2426 1061 2488 diei

128 2527 264 2603 possunt
276 2522 393 2604 mixtae,
410 2525 602 2604 singularem
617 2523 825 2606 adjungemus
841 2525 1058 2606 appendicem.

419 2754 588 2816 TITULUS
610 2754 770 2817 PRIMUS.

221 2917 260 2966 ott
282 2917 376 2966 STATU
397 2878 548 2965 statuam
570 2917 668 2972 QUOAD
689 2919 745 2966 RES
766 2919 968 2968 sr1a1ronaas.

170 3090 197 3153 1.
213 3090 349 3152 Humani
363 3091 489 3170 spiritus
505 3091 719 3169 sanctificatio,
736 3083 851 3172 quippo
872 3107 941 3171 quae
960 3091 1062 3172 tangit

130 3185 309 3268 subJ'eotum
322 3188 455 3268 simplex
469 3191 500 3249 et
513 3188 685 3266 spirituale,
701 3189 787 3250 nulla
797 3188 858 3249 alia
867 3188 898 3250 vi
912 3188 1060 3269 nulloque

129 3279 191 3343 alio
207 3280 312 3342 medio
327 3285 431 3360 potest
443 3281 624 3344 immediate
639 3280 773 3362 operari,
786 3283 975 3360 oonservari,
991 3303 1061 3362 per·

128 3377 179 3438 fiai
194 3377 253 3438 nisi
268 3364 407 3458 quadam
419 3379 449 3438 vi
459 3379 593 3454 oooulta,
603 3377 761 3454 invisibili,
774 3395 844 3458 qua
854 3380 958 3442 valeat
966 3397 1062 3459 super

130 3477 270 3540 animam
292 3475 432 3540 u'ostram
453 3477 588 3559 operari.
613 3479 652 3541 at
675 3477 803 3560 quidem
825 3479 886 3542 hoo
909 3478 1058 3557 mediam,
