2548 4020
402 295 440 341 nn
462 295 590 342 carnoso
610 297 692 342 rums
715 297 869 344 cruorum.
1041 287 1099 346 225

172 443 256 504 intra
269 439 431 520 propriam
446 441 639 520 parochiam,
658 446 687 506 et
702 441 802 523 qualis
823 446 989 524 prasentia
1008 465 1101 526 paro-

174 539 318 613 chorum,
334 536 389 597 aut
400 536 528 598 testium
542 537 745 616 requiratur?

212 633 261 694 Ad
274 633 411 713 primam
426 633 631 711 quaestionem
643 633 710 713 jam
724 651 911 714 responsum
924 634 992 712 fuit,
1019 639 1105 698 sufu-

175 748 247 792 ocre
261 729 391 806 scilicet,
407 728 433 788 si
448 728 629 792 alterutrius
643 729 749 808 spousi
764 730 892 807 scilicet,
905 731 954 791 vel
969 747 1102 810 sponsae,

172 826 342 907 parochus,
358 825 408 887 vel
424 824 600 886 ordinarius
617 826 753 903 assistat,
771 827 914 906 quamvis
930 827 969 890 sit
979 845 1106 889 excom-

175 919 365 995 municatae,
381 935 562 998 suspensus,
580 919 629 980 vel
648 919 840 998 irregularis,
863 920 957 983 modo
979 922 1107 983 actuali-

175 1020 224 1078 ter
239 1031 301 1074 non
317 1013 357 1075 sit
371 1013 542 1092 depositus,
559 1016 590 1075 et
605 1015 749 1094 quamvis
767 1014 891 1077 titulum
910 1019 1032 1078 tantum
1053 1033 1107 1076 co-

174 1112 312 1172 loratum
325 1107 442 1170 habeat
455 1125 526 1170 oum
540 1113 700 1171 communi
714 1130 831 1188 errore,
853 1114 912 1172 etc.
934 1115 1001 1173 tum
1023 1111 1107 1191 quod

175 1209 262 1269 idem
289 1206 451 1286 utriusque
475 1205 600 1284 sponsi,
625 1208 730 1287 quoad
753 1208 837 1269 hunc
861 1212 984 1285 actum,
1014 1207 1108 1288 hujus

176 1303 367 1367 sacramenti
382 1307 548 1365 censeatur
561 1304 728 1382 parochus,
744 1308 812 1366 tum
831 1304 916 1384 quod
938 1303 1109 1366 sacerdotis

177 1399 313 1484 qualitas
325 1398 359 1459 in
373 1399 511 1478 parocho
525 1415 588 1460 non
602 1403 728 1477 petatur
742 1418 761 1461 a
775 1399 918 1476 concilio,
939 1403 1007 1462 tum
1024 1400 1109 1482 quod

177 1513 320 1559 censurae
348 1495 409 1557 illae
434 1513 497 1556 non
520 1495 633 1558 tollant
653 1496 806 1558 rationem
828 1497 958 1576 parochi
984 1499 1109 1578 proprie

178 1593 275 1681 dicti,
306 1596 337 1654 et
360 1593 537 1660 assistentia
560 1593 631 1655 talis
654 1611 718 1654 non
741 1598 807 1655 tam
836 1595 875 1656 sit
902 1597 991 1656 actus
1015 1595 1111 1676 juris·

179 1689 336 1767 dictionis,
362 1708 457 1770 quem
480 1689 611 1752 fortasse
631 1690 736 1752 taliter
759 1693 944 1752 tonsuratus
965 1709 1111 1753 exercere

178 1804 242 1847 uon
271 1789 390 1864 potest,
421 1785 475 1846 sed
502 1785 542 1846 sit
565 1788 652 1848 actus
676 1784 865 1861 testimonii,
890 1803 929 1844 ex
952 1784 1113 1863 dispensa-

179 1882 264 1945 tione
275 1881 355 1965 juris
370 1883 412 1943 ad
426 1882 567 1943 valorem
580 1881 772 1944 matrimonii
781 1877 962 1960 requisitus,
975 1881 1017 1940 ad
1027 1880 1112 1960 quod

178 1981 296 2054 sufficit
309 1979 405 2042 otiam
418 1979 526 2042 titulus
544 1982 667 2042 tantum
686 1979 843 2042 coloratus
862 1995 935 2038 aum
953 1979 1112 2038 communi

179 2096 299 2142 errore.

219 2177 286 2236 lmo
320 2173 393 2254 vagi
428 2171 613 2234 contrahere
649 2173 782 2250 possunt
808 2169 932 2247 valide,
964 2174 995 2232 et
1028 2169 1113 2232 licite

181 2286 289 2331 coram
314 2265 454 2346 quolibet
475 2266 631 2345 parocho,
654 2265 745 2344 juxta
768 2260 964 2342 probabilem
988 2268 1115 2322 senten-

180 2367 276 2438 tiam;
292 2361 487 2442 probabilius
500 2364 608 2422 tamen
623 2365 679 2438 est,
698 2359 782 2440 quod
798 2375 904 2420 coram
918 2373 955 2417 eo
974 2358 1113 2436 parocho

179 2460 320 2542 legitime
343 2463 467 2521 tantum
488 2457 686 2534 contrahant,
711 2457 743 2516 in
765 2453 855 2535 cujus
874 2452 1026 2533 parochio
1046 2454 1114 2512 tum

181 2559 359 2634 versantur,
376 2574 448 2618 cum
463 2555 525 2617 alia
540 2556 634 2617 etiam
648 2555 847 2614 sacramenta
861 2551 902 2612 ab
916 2552 977 2612 hoc
991 2554 1111 2629 petere,

182 2659 215 2717 et
236 2653 399 2734 percipere
423 2651 589 2712 debeant:
617 2649 796 2731 quicunque
821 2652 929 2710 tamen
956 2646 1115 2725 parochus

181 2766 281 2828 vagos
295 2747 373 2809 tales
388 2743 560 2825 conjungit,
574 2744 741 2824 diligenter
755 2747 905 2824 praestare
921 2741 1027 2818 debet,
1045 2757 1115 2820 quae

180 2846 241 2926 ipsi
257 2863 276 2905 a
290 2843 472 2906 Tridentino
487 2859 564 2902 sess.
586 2843 694 2904 XXIV.
718 2858 786 2918 cap.
809 2856 865 2926 nu.
888 2841 933 2898 De
951 2838 1132 2906 reformat.¹

183 2939 403 3020 injunguntur,
421 2940 454 2998 ut
468 2936 546 2998 tales
560 2934 678 2998 scilicet
693 2953 755 2996 non
770 2934 952 3014 conpungat,
973 2930 1033 2990 nisi
1048 2930 1116 2989 dili-

183 3037 312 3116 gentem
325 3033 412 3114 prius
426 3031 660 3112 inquisitionem
675 3031 713 3092 de
729 3035 812 3090 statu
826 3029 964 3102 illorum,
982 3029 1013 3087 et
1027 3024 1118 3085 hahi-

183 3133 271 3194 litate
286 3130 405 3208 fecerit,
423 3149 460 3191 ao
473 3131 634 3192 licentiam
649 3129 689 3190 ob
705 3126 863 3188 ordinario
879 3123 1062 3200 obtinuerit,
1077 3122 1116 3184 oh

184 3228 370 3307 periculum,
387 3228 521 3289 natales
536 3243 609 3287 cum
623 3224 849 3304 impedimento
866 3221 1032 3282 dirimente
1048 3218 1119 3279 nul-

185 3324 257 3386 liter
271 3322 470 3386 contrabant.

115 3425 119 3430 '
226 3419 275 3480 Ad
303 3416 474 3480 secundam
503 3413 708 3495 quaestionem
735 3411 945 3491 respondetur
977 3407 1119 3470 validum

187 3514 253 3576 fore
271 3511 516 3589 matrimonium,
542 3509 592 3572 oui
613 3509 771 3589 parochus
795 3506 976 3570 alterutrius
997 3502 1115 3583 sponsi,

966 3601 1011 3654 13*
