2476 4022
14 279 16 302 l

14 375 16 394 l

355 275 393 320 nn
414 273 541 322 nurnero
560 235 642 322 rosis
663 277 817 342 canonrcr.
1007 271 1046 331 '15

116 417 163 478 nis
187 415 385 493 afflictiones,
410 417 565 480 malorum
591 420 767 500 tolerantia,
792 425 1000 503 temperantia
1026 401 1060 490 a·

14 523 15 526 ’
112 510 193 590 jocis
215 513 248 571 et
267 511 481 589 voluptatibus
498 514 593 574 etiam
609 513 712 591 licitis,
728 519 863 596 propriae
878 520 1045 586 voluntatis

115 605 295 682 submissio,
313 609 344 668 et
357 608 463 668 omnia
476 626 594 687 genera
606 611 891 674 mortificationum.
903 617 952 676 Ad
967 618 1046 682 elec·

14 719 15 778 3
114 719 282 780 mosynam
295 719 370 764 vero
383 708 572 766 revocantur
586 706 692 766 omnia
704 723 800 785 opere
818 712 885 772 tum
899 729 1046 791 corpora-

14 790 15 813 *
113 794 156 856 lia
174 801 246 856 tum
266 795 440 874 spiritualia
461 798 694 860 misericordia.
719 801 802 863 Scite
821 803 854 864 in
874 803 956 866 banc
978 824 1045 868 rem

115 891 246 952 eductam
260 891 474 953 Gatechismus
488 911 568 955 rom.
586 894 624 956 de
638 897 762 974 poenit,
774 897 792 975 ᾗ
802 900 870 972 roe,
883 902 951 976 106,
965 903 1021 962 107
1035 922 1041 962 :

14 1045 16 1054 ,
119 1005 134 1042 u
151 985 201 1046 Nil
219 988 455 1049 convenientius
473 989 558 1051 hisco
578 1007 646 1052 esse
665 994 767 1069 potest
784 993 826 1054 ad
845 997 1045 1076 extirpandas
1138 981 1139 986 ἵ

115 1081 258 1142 omnium
269 1086 472 1161 peccatorum
484 1085 624 1160 radices;
646 1105 719 1148 nam
738 1107 835 1169 quum
854 1108 945 1153 omne
960 1094 1043 1173 quod

114 1176 146 1236 in
158 1177 279 1239 mundo
295 1183 353 1254 est,
375 1180 627 1259 concupiscentia
645 1183 748 1243 carnis
765 1184 816 1260 sit,
833 1188 864 1247 et
884 1188 1044 1267 concupis·

114 1273 216 1334 centia
234 1274 408 1351 oculorum,
431 1281 463 1336 et
483 1277 630 1355 superbia
651 1278 734 1354 vitm,
761 1296 853 1340 nemo
875 1299 938 1341 non
958 1282 1044 1344 videt

114 1370 199 1432 bisce
222 1372 324 1434 tribus
347 1373 450 1434 morbi
472 1375 573 1436 causis
593 1376 724 1438 totidem
744 1377 926 1454 medicinas,
947 1381 1042 1457 priori

113 1466 235 1530 scilibet
251 1467 419 1548 jejunium,
436 1469 527 1530 altari
547 1470 791 1548 eleemosynam,
811 1471 1056 1534 tertiae‘oratio·-

114 1581 196 1640 nem,
207 1563 380 1626 rectissime
393 1564 519 1644 opponi.
535 1567 693 1626 Praeterea
707 1568 806 1626 Deum
820 1567 961 1628 oratione
975 1567 1043 1645 pla-

114 1673 233 1734 camus,
249 1657 391 1736 proximo
406 1657 639 1736 eleemosynam
652 1658 870 1737 satisfacimus,
888 1660 1041 1740 nosipsos

109 1749 230 1832 jejunio
254 1752 454 1831 castigamus.
479 1775 493 1810 o
526 1757 596 1816 Uno
623 1755 731 1831 verbo,
758 1772 855 1835 quum
878 1756 946 1818 haec
967 1755 1039 1831 tria,

113 1866 226 1928 nempe
247 1849 353 1923 oratio,
377 1847 563 1930 eleemosyna,
584 1848 742 1928 jejuniam,
766 1855 964 1931 opponantur
986 1851 1042 1911 tri-

112 1944 183 2022 plici
203 1948 405 2023 peccatorum
425 1943 513 2023 fonti,
536 1945 681 2008 videlicet
701 1947 867 2027 superbiae,
888 1946 1038 2023 avautiae,

112 2040 382 2118 concupiscentia,
398 2045 430 2104 et
450 2041 719 2120 comprehendant
739 2044 920 2106 exercitium
939 2042 1040 2104 chari-

111 2137 181 2198 tatis
195 2137 230 2197 in
244 2137 355 2213 Deum,
366 2135 399 2196 iu
413 2136 583 2216 proximos,
593 2138 626 2198 in
641 2139 858 2218 nosmetipsos,
870 2141 934 2201 late
947 2140 1041 2218 signi-

109 2228 254 2290 ficatione
269 2228 536 2307 comprehendere
551 2228 585 2289 id
599 2247 692 2290 omne
706 2228 862 2305 videntur,
880 2229 965 2308 quod
982 2249 1039 2309 pro
1099 2293 1102 2300 ,

110 2326 312 2402 peccatorum
325 2322 535 2386 satisfactione
548 2328 699 2404 praestara
714 2340 890 2403 possumus.

146 2419 201 2481 IV.
226 2413 351 2496 Tempus
371 2435 433 2498 quo
454 2417 636 2498 hujusmodi
655 2416 838 2496 peonitentia
858 2415 1040 2498 peragenda

111 2518 166 2590 est,
186 2515 280 2595 juxta
298 2516 460 2595 antiquam
480 2517 626 2578 Ecclesiae
650 2515 855 2594 disciplinam,
882 2516 1038 2578 communi

109 2605 177 2684 lage
206 2608 420 2684 praeveniebat
446 2609 685 2686 absolutionem,
716 2629 785 2691 quae
814 2629 877 2674 non
904 2611 1040 2674 dabatur

111 2702 269 2782 ordinario
290 2703 348 2765 nisi
370 2705 525 2783 completa
542 2705 727 2784 poenitentia
750 2725 757 2768 :
782 2707 846 2768 dixi
866 2709 1037 2783 ordinario,

111 2796 183 2874 quia
199 2813 263 2856 non
279 2794 392 2856 desunt
406 2797 549 2876 exempla
559 2797 760 2860 absolutionis
770 2799 851 2862 datae
863 2801 1039 2864 etiamanta
1146 2800 1149 2805 ’

110 2889 289 2966 perfunctos
308 2896 339 2953 ct
357 2891 496 2970 expletos
514 2894 705 2971 poenitentiae
723 2895 857 2972 labores,
876 2896 927 2956 val
948 2899 978 2956 1⁰
998 2895 1038 2955 ad

109 2984 272 3049 instantias
295 2994 481 3066 martyrum,
504 2993 535 3049 2⁰
557 2989 597 3050 ob
620 2990 738 3052 instans
761 2992 833 3053 vitea
857 2990 1035 3066 discrimen,

109 3083 139 3141 3⁰
161 3083 204 3143 ob
226 3084 397 3146 instantem
420 3085 680 3163 persecutionem,
705 3091 738 3147 4⁰
761 3085 886 3166 quando
908 3085 1038 3162 insignis

109 3175 180 3238 boni
195 3179 388 3258 procurandi
400 3198 472 3258 spes
487 3180 667 3260 effulgebat,
684 3200 715 3242 v.
731 3200 793 3260 gu,
811 3198 849 3240 ex
862 3178 974 3240 haeresi
987 3179 1037 3239 vel

108 3273 275 3338 schismate
304 3275 381 3336 alios
409 3293 515 3338 secum
542 3277 584 3338 ad
610 3277 781 3337 Ecclesiam
808 3274 1035 3352 conducebant,

108 3369 138 3428 5⁰
152 3371 193 3430 ob
214 3370 408 3452 singularem
427 3373 524 3434 annui
544 3373 685 3436 dolorem
704 3375 735 3434 et
752 3371 919 3448 fervorem,
934 3372 967 3432 in
980 3373 1037 3432 im·

108 3464 255 3542 plaudam
268 3469 496 3547 poenitentiam.
