2476 4022
152 245 191 306 τι
360 245 586 298 ιιιιιιιιιοιιιι
607 244 689 292 runis
711 241 865 290 ιιιιιιιι.

43 473 46 480 ,
154 400 217 464 Sed
231 393 410 476 hujusmodi
425 389 557 453 facultas
571 387 644 449 licet
658 384 865 466 amplissima,
882 387 914 446 et
928 385 1086 448 caracteri

153 491 339 558 sacerdotali
350 489 422 570 jure
436 487 541 548 divino
555 485 674 560 innata,
692 487 723 544 et
738 481 827 561 cujus
842 479 956 553 virtute
975 497 1086 542 secra-

153 595 293 652 mentum
322 584 483 652 conficitur
513 580 635 660 quoties
663 579 845 653 coniicitur,
882 593 945 638 non
979 577 1086 654 potest

152 691 259 750 tamen
282 683 322 748 ab
346 680 490 756 omnibus
511 675 727 740 sacerdotibus
750 673 898 734 exerceri.
923 672 1013 735 Ratio
1035 673 1086 732 est

154 779 227 864 quia
241 778 282 841 ad
296 777 344 838 sui
358 774 541 838 exercitium
556 772 714 835 desiderat
727 769 991 850 jurisdictionem,
1015 767 1084 830 siue

153 895 217 958 qua
227 872 381 956 judicium
395 888 458 932 non
476 870 521 948 iit,
543 889 581 931 ex
599 867 796 930 ordinatione
815 871 922 927 autem
940 864 1017 945 dum
1034 882 1085 925 aa·

154 972 297 1036 cerdotes
312 983 420 1028 omues
435 965 598 1030 obtinent
586 979 658 1046 Jure
674 951 779 1026 divino
790 961 970 1042 huiuamodi
980 964 1086 1039 potes·

154 1071 251 1128 tatem
278 1059 396 1122 ordinis
423 1059 603 1120 remittendi
631 1061 661 1119 ιι
688 1029 843 1120 retinendi
871 1059 1015 1134 peccata,
1054 1059 1087 1118 st

154 1160 282 1242 quidem
295 1157 397 1218 illimit
385 1159 493 1232 ta‚tam
514 1153 733 1219 illimitabilem
751 1159 783 1215 et
801 1151 1084 1234 inextinguibilem,

154 1255 274 1320 nullam
288 1253 454 1332 acquirunt
465 1250 739 1332 jurisdictionem
731 1268 763 1310 ιι
777 1249 927 1326 Ecclesia,
940 1247 1006 1310 sine
1022 1266 1088 1327 qua

150 1345 371 1432 jurisdictione
386 1362 444 1408 uec
457 1362 515 1426 pro
530 1362 592 1406 uno
603 1361 676 1406 casu
687 1361 746 1406 nec
756 1361 828 1410 cum
839 1343 979 1422 quolibet
987 1341 1087 1404 bmite

154 1448 259 1528 potest
286 1461 443 1504 exercere.
473 1441 607 1505 Etiam
600 1461 631 1508 ιι
656 1441 764 1503 ordine
789 1444 908 1504 natura
932 1427 1088 1502 babemus

156 1539 299 1619 exempla
313 1539 425 1599 harum
440 1538 624 1600 facultatum
635 1554 730 1618 ,quae
745 1537 884 1599 exemeri
898 1537 1004 1599 statim
1023 1553 1088 1598 non

155 1637 296 1716 possunt.
314 1633 471 1694 Naturalis
486 1639 534 1694 ιιι
521 1634 666 1695 thomini
677 1633 808 1696 facultas
818 1632 979 1712 loquendi,
991 1631 1088 1694 ratio·

156 1728 292 1814 uiuendi,
323 1728 520 1804 ambulandi;
551 1733 690 1792 attamen
718 1747 781 1798 non
805 1730 910 1792 statim
932 1727 1083 1808 loquitur,

155 1822 370 1900 ratiocinatur,
387 1824 538 1904 ambulat,
561 1825 617 1887 sed
639 1825 765 1907 quando
786 1844 824 1886 ex
846 1828 966 1886 natura
987 1823 1087 1901 ipsius

157 1919 345 1996 evolutione,
363 1920 544 1982 extrinsecis
562 1921 785 1984 accedentibus
804 1920 970 2001 adjunctis,
991 1919 1088 1981 homo

156 2018 313 2098 loquetur,
330 2015 579 2095 ratiocinabitur,
595 2018 780 2096 ambulabit,
797 2017 924 2079 vriliius
947 2015 1088 2096 pristinae

104 2174 110 2182 ,
158 2114 318 2177 etinnatae
278 2107 437 2175 tlacult
438 2113 497 2176 atis
514 2114 672 2195 loquetur
693 2113 877 2192 ambulabit,
899 2120 959 2176 ιιι.
984 2113 1089 2175 Ριιίιο

158 2228 234 2291 ergo
263 2210 347 2291 quod
371 2209 503 2274 facultas
526 2212 580 2272 illa
604 2210 721 2279 ordinis
744 2210 882 2273 exerceri
906 2215 961 2291 pot
947 2215 1009 2274 ιιιι
1032 2229 1090 2289 pro

158 2326 306 2371 mensura
316 2301 542 2389 jurisdictionis
554 2325 623 2387 quae
638 2305 682 2369 illi
693 2293 825 2384 accedit,
835 2308 941 2388 plures
952 2305 1090 2388 contingi

157 2410 289 2488 possunt
303 2404 548 2468 combinationes
564 2405 668 2486 quoad
683 2405 751 2486 ejus
766 2404 960 2469 exercitium.
1017 2477 1018 2480 Ἴ

165 2562 167 2566 .
198 2507 229 2565 ιο
247 2503 285 2577 ⁴Si
304 2489 466 2570 illimitata
480 2506 511 2564 et
531 2501 724 2565 illimitabilis
741 2502 795 2562 illa
814 2504 952 2581 potestas
972 2499 1090 2564 ordinis

111 2585 112 2589 ¹
158 2595 360 2676 conjungitur
375 2613 447 2656 cum
463 2614 611 2676 supremo
634 2602 665 2660 et
684 2597 838 2658 illimitato
854 2615 890 2658 ac
911 2596 1107 2658 illimitabili.

158 2693 260 2774 gradu
277 2692 514 2771 jurisdictionis,
538 2697 632 2771 prout
654 2689 766 2776 accidit
788 2694 820 2754 in
845 2697 880 2756 R.
912 2696 946 2756 P.
969 2693 1091 2756 obtinet

108 2811 109 2814 ¹
159 2791 351 2868 completum
364 2808 457 2852 suum
471 2791 654 2854 exercitium
668 2809 706 2852 ex
721 2792 806 2856 omni
821 2795 920 2870 parte.

167 2927 176 2936 -
195 2891 229 2950 2⁰
246 2887 280 2950 Si
294 2887 494 2968 conjungitur
508 2907 580 2952 cum
589 2892 742 2968 potestate
753 2886 1092 2968 episcopalisjurisdic·

89 3047 94 3055 .
158 2985 251 3052 tionis
266 3003 336 3068 quae
347 2985 418 3066 jure
433 2988 538 3050 divino
554 2973 722 3049 constituta
736 2990 794 3063 est,
805 2988 838 3046 et
848 2984 919 3065 jure
930 2983 1090 3045 ecclesias-

157 3086 219 3148 tico
234 3087 276 3148 ad
291 3085 462 3167 quamdam
476 3090 598 3165 partem
612 3083 789 3146 christiana
808 3081 964 3145 societatis
984 3080 1090 3141 deter-

158 3185 277 3246 minata
305 3190 367 3263 ιιι,
399 3185 518 3269 obtinet
546 3182 651 3262 quoad
677 3182 763 3242 illam
790 3183 914 3260 partem
941 3177 1091 3241 dominici

157 3283 270 3363 gregis·
282 3300 374 3344 suum
392 3283 574 3360 exercitium
597 3280 823 3361 plenissimum,
841 3278 897 3340 sed
914 3275 1088 3353 limitabils,

158 3387 252 3464 prout
270 3380 442 3442 limitabilis
463 3387 510 3442 est
530 3377 693 3443 ebeltiori
711 3377 896 3439 auctoritate
912 3372 1089 3454 jurisdictio
1109 3403 1111 3408 ·

157 3481 312 3544 inferioris
328 3481 542 3544 auctoritatis:
560 3478 599 3539 de
612 3477 696 3545 facto
707 3475 844 3556 *limitata
860 3478 917 3552 ιιι,
933 3469 1092 3534 stantibus
