2476 4022
152 274 172 333 8
365 291 591 338 rusrrrunouns
612 292 693 337 runis
715 291 872 338 cruorum.

192 442 219 500 ἓ.
245 435 390 514 Episcopi
412 433 527 515 aliique
547 435 668 514 praelati
691 435 891 498 ecclesiastici
912 438 1091 517 episcopali

152 534 327 616 gaudentes
341 531 538 609 auctoritate,
555 550 592 592 eo
610 533 678 610 ipso
698 534 781 618 quod
797 539 870 597 sunt
887 534 1012 596 illarum
1027 553 1093 614 pe·
1122 522 1129 530 ’

152 632 317 697 culiarium
337 630 539 693 ecclesiarum
557 634 700 711 pastores
718 632 879 711 ordinarii,
897 635 1022 717 habeut
1035 653 1092 696 or·

153 729 310 796 dinarium
330 727 383 809 jus
411 727 545 789 docendi
572 728 839 810 praedicandique,
868 733 974 792 tamen
1001 732 1093 793 intra

153 828 272 909 proprii
293 825 441 889 territorii
462 825 576 888 limites
598 826 789 889 conclusum.
812 830 879 890 Hoc
898 827 950 906 jus
973 831 1004 889 et
1023 828 1089 907 ipsi

153 942 300 986 exercere
319 925 451 1002 possunt
471 928 502 984 et
523 921 639 984 debent
659 924 710 985 vel
731 943 787 1002 por
806 943 841 984 ss
862 925 912 986 vel
931 943 988 1004 per
1006 925 1091 986 alias

152 1021 282 1082 idoneas
305 1015 467 1099 personae,
490 1019 596 1098 prouti
618 1019 726 1081 statuit
748 1020 914 1082 concilium
939 1019 1091 1082 tridenti-

153 1136 240 1194 num,
257 1135 333 1178 sess.
351 1133 395 1192 1v,
412 1135 439 1177 c.
457 1119 492 1189 ὰς
512 1133 588 1176 sess.
606 1132 691 1194 xxw,
708 1136 736 1178 o.
755 1118 804 1178 ll.

193 1215 223 1274 3.
241 1211 385 1287 Parochi‚
402 1227 439 1270 eo
453 1209 521 1290 ipso
537 1209 622 1288 quod
636 1209 668 1270 in
683 1228 737 1272 eos
756 1209 861 1290 aliqua
878 1220 951 1290 pars
971 1208 1090 1271 sollici-

153 1305 270 1369 tudinis
291 1305 457 1386 pastoralis
477 1305 717 1382 transfunditur,
742 1306 775 1367 in
798 1306 908 1366 ordine
932 1306 972 1366 ad
994 1323 1088 1385 paro-

155 1402 285 1464 chianos
304 1420 378 1464 suos
399 1405 431 1465 ct
452 1401 512 1481 ipsi
532 1399 604 1481 jure
625 1402 765 1485 gaudent
785 1401 944 1465 ordinario
965 1421 1090 1464 annun-

153 1499 252 1562 tiandi
267 1499 327 1560 illis
341 1498 474 1560 verbum
489 1497 556 1558 Dei.

111 1593 113 1598 ’
194 1599 223 1655 l.
241 1595 343 1656 Ceteri
358 1593 464 1655 clerici
478 1610 596 1670 omnes,
614 1593 729 1673 quippe
749 1613 786 1654 ex
805 1595 872 1656 sola
889 1594 1088 1656 ordinatione
1178 1675 1179 1678 Ἴ

155 1703 245 1746 sacra
268 1686 386 1747 nullam
410 1686 583 1747 sortiuntur
602 1684 853 1764 jurisdictionem
878 1687 910 1748 in
932 1687 1085 1764 Ecclesia,

154 1781 199 1842 sic
214 1799 271 1860 per
284 1799 317 1842 sc
332 1782 417 1844 nullo
430 1781 501 1861 jure
516 1781 710 1860 praedicandi
720 1783 869 1862 gaudent.
883 1783 946 1844 Sed
957 1800 1087 1844 necesse

155 1882 203 1937 est
223 1880 258 1939 ut
278 1877 338 1938 illis
359 1877 399 1938 ab
421 1877 568 1956 episcopo
587 1878 761 1958 delegetur,
777 1899 840 1941 oon
859 1898 948 1941 secus
965 1897 1002 1940 ae
1016 1879 1088 1957 ipsa

152 1972 339 2052 jurisdictio.
364 1975 466 2045 Quare
488 1969 640 2036 statutum
661 1979 709 2037 est
729 1982 764 2037 ut
784 1976 916 2036 clericus
937 1976 1088 2037 secularis
1122 2005 1123 2010 κ

155 2085 217 2129 nou
232 2070 331 2149 possit
345 2068 518 2149 praedicare
532 2069 599 2131 sins
615 2070 753 2150 episcopi
766 2071 908 2145 licentia;
932 2071 1087 2152 regularis

154 2179 241 2238 vero,
259 2163 283 2222 si
304 2163 337 2223 in
358 2163 498 2225 Ecclesia
520 2162 567 2222 sui
590 2163 718 2240 ordinis,
740 2165 875 2243 accipiat
892 2164 1049 2227 licentiam
1067 2181 1088 2224 a

156 2275 211 2318 suo
226 2259 372 2338 preelaio;
390 2260 415 2320 si
430 2259 493 2320 alia
506 2258 538 2318 in
550 2258 687 2320 Ecclesia
697 2262 765 2321 tum
775 2261 933 2339 apraelato
949 2277 1004 2320 suo
1019 2263 1087 2322 tum

156 2352 196 2413 'ab
211 2354 358 2433 episcopo
372 2355 530 2418 licentiam
545 2353 689 2434 accipiat,
706 2372 763 2434 pro
779 2354 896 2435 duplici
915 2357 998 2416 statu
1013 2353 1088 2416 sub·

152 2447 298 2528 jectionis
312 2450 344 2510 in
358 2469 454 2530 quam
469 2450 563 2512 cadit.

195 2551 225 2608 ὅ.
255 2547 378 2623 Laious,
403 2547 520 2627 quippo
544 2563 602 2625 pro
631 2564 688 2608 suo
711 2549 794 2610 statu
819 2546 962 2608 subditus
984 2549 1032 2610 ost
1054 2545 1086 2606 in

156 2642 306 2720 Ecclesia,
325 2661 382 2704 nee
403 2642 444 2703 ad
466 2642 643 2704 docendum
663 2643 944 2723 gubernandumve
964 2641 1087 2726 ordina·

156 2743 226 2813 tua,
252 2756 271 2798 a
293 2738 390 2800 verbo
413 2737 469 2798 Dei
493 2737 709 2828 annuntiando
734 2737 891 2800 ordinarie
912 2737 1088 2800 excluditur

158 2847 296 2893 omuino.

549 2958 653 3010 cneus
669 2959 701 3009 u.
750 2929 754 2933 ’

478 3081 515 3119 DE
534 3082 770 3121 SACRAMENTIS·

98 3184 101 3190 ’
197 3199 220 3259 l.
245 3201 460 3276 Sacramenta,
482 3199 512 3258 in
535 3197 772 3277 generalissima
792 3199 985 3278 acceptione,
1010 3201 1088 3262 nihil

157 3294 242 3356 aliud
263 3299 335 3358 sont
356 3296 414 3356 nisi
436 3295 565 3376 quidam
583 3295 661 3358 ritus
683 3295 847 3374 symbolici
867 3315 921 3358 seu
942 3298 1088 3379 quaedam

157 3390 293 3452 visibiles
308 3395 339 3453 et
354 3391 523 3453 exteriores
538 3391 736 3470 operationes
751 3411 821 3472 quae
838 3393 878 3454 ad
899 3392 1086 3456 invisibilem

157 3489 189 3548 et
208 3502 356 3546 arcanam
375 3486 531 3548 actionem
552 3503 607 3547 seu
629 3485 828 3548 efficientiam
850 3488 1089 3568 significandam
