2548 4020
321 229 323 234 ’
407 257 456 304 na
478 259 605 306 onrncro
627 228 709 308 runis
731 262 885 309 canorum.
1057 255 1114 316 233

181 427 258 486 pars
268 407 332 468 ista
345 405 415 483 init,
432 424 505 490 cum
519 424 576 484 per
591 407 778 468 sententiam
793 407 918 472 divortii
932 411 1066 478 liberata
1075 415 1115 478 sit

180 504 250 564 haeo
279 521 352 582 pars
375 493 462 582 prius
485 503 646 577 innocens,
674 502 714 564 ab
738 503 929 583 obligatione
953 509 1115 574 cohabita-

178 600 275 662 tionis
290 598 540 676 matrimonialis,
559 603 590 660 et
604 600 683 662 alter
697 601 819 662 nullum
829 601 883 681 jus
897 602 1014 665 haheat
1027 624 1115 686 repe-

177 696 267 756 tendi
284 695 462 776 conjugem,
480 713 552 756 oum
566 714 624 774 per
633 696 834 774 adulterium,
848 702 918 776 post
927 702 1113 764 sententiam

178 793 388 874 separationis
396 793 504 868 latam,
515 795 977 874 noncenseanturcompensari
988 797 1110 861 delicta.

218 892 269 950 An
284 889 334 949 vir
346 889 446 967 possit
455 888 611 952 dimittere
622 909 753 952 uxorem
763 891 830 952 sine
839 891 954 954 indicio
966 894 1112 958 Ecclesiae

177 986 276 1047 etiam
290 988 419 1064 propter
434 985 613 1065 publicum,
630 1005 667 1048 ac
681 988 840 1051 notorium
853 987 1113 1068 impedimentum

177 1083 361 1161 parentelae,
378 1099 434 1143 seu
449 1083 668 1162 cognationis?

218 1179 346 1240 Rectius
380 1178 521 1240 fortassis
556 1179 625 1240 haeo
659 1181 791 1260 quaestio
823 1182 907 1242 mota
939 1182 1047 1245 fuisset
1079 1183 1110 1244 in

176 1277 289 1354 quaest.
303 1277 345 1349 2⁰,
363 1290 470 1354 supra,
487 1272 540 1333 uhi
556 1279 662 1334 actum
678 1277 724 1334 est
737 1272 776 1334 de
787 1275 1068 1353 consanguinitate,
1081 1284 1112 1338 et

176 1369 350 1442 affinitate3
368 1369 442 1448 quia
456 1371 563 1430 tamen
576 1369 609 1428 in
624 1369 684 1430 hoc
699 1369 722 1430 ti
740 1414 747 1430 .
765 1386 792 1429 c.
808 1387 898 1448 porro
916 1371 946 1430 3.
969 1370 1112 1432 Pontifex

175 1466 259 1542 hanc
275 1464 480 1544 quaestionem
494 1464 620 1540 decidit,
637 1464 753 1542 placuit
768 1465 889 1526 auctori
902 1465 1041 1526 method.
1060 1464 1111 1525 hic

175 1579 248 1622 eam
282 1559 419 1634 referre;
449 1560 621 1640 respondet
647 1578 722 1639 ergo
750 1561 783 1620 in
811 1560 862 1622 cit.
879 1579 921 1622 o.
953 1562 1107 1640 Pontifex,

174 1658 295 1735 absque
307 1654 427 1734 judicio
442 1656 589 1717 Ecclesia
603 1656 699 1718 talem
714 1675 777 1718 non
791 1674 883 1734 posse
897 1657 1026 1737 propria
1036 1674 1111 1718 auo-

174 1749 303 1811 toritate
316 1749 631 1834 uxoremdimittere,
649 1768 722 1811 cum
734 1769 800 1830 qua
819 1751 1055 1812 matrimonium
1077 1751 1109 1811 in

173 1846 255 1907 facie
275 1844 424 1910 Ecclesia
448 1845 602 1906 contraxit
618 1844 670 1924 (ob
685 1843 893 1906 reverentiam
903 1844 1022 1906 scilicet
1032 1847 1107 1907 tant‘

174 1939 389 2019 sacramenti),
407 1940 529 2002 etiamsi
544 1940 804 2018 impedimentum
817 1942 858 2002 sit
871 1941 1028 2002 notorium
1043 1941 1110 2020 (pu-

172 2025 259 2101 blica
276 2037 396 2100 seilicet
416 2037 512 2117 fama)
535 2039 609 2117 quia
629 2038 729 2099 multa
748 2037 894 2098 dicuntur
914 2038 1047 2115 notoria,
1070 2056 1107 2100 eo

174 2135 261 2216 quod
275 2134 402 2213 publica
417 2134 456 2194 de
471 2133 531 2194 illis
545 2133 631 2194 fama
641 2133 695 2210 ¹sit,
712 2151 782 2212 quae
797 2135 903 2198 tamen
913 2133 1036 2194 notoria
1046 2150 1108 2193 non

173 2236 264 2306 sunt3
283 2231 397 2294 ethinc
408 2247 478 2308 cap.
491 2229 698 2309 subsequens,
712 2227 904 2307 significasti,
917 2226 1105 2306 ubidicitur,

173 2329 246 2408 cogi
280 2345 342 2389 non
370 2327 486 2387 debere
515 2343 587 2388 eum
615 2326 657 2386 ad
685 2325 853 2405 conjugem
880 2323 1104 2401 recipiendam,

173 2443 271 2506 quam
285 2429 414 2504 propter
433 2422 625 2484 adulterium
643 2422 812 2501 notorium,
834 2420 901 2483 siue
920 2420 1106 2482 auctoritate

171 2528 280 2585 tamen
294 2521 453 2598 Ecclesiae,
470 2520 642 2597 dimiserat,
656 2538 719 2581 non
730 2517 916 2580 contradicit
926 2516 1022 2596 priori
1034 2535 1103 2597 cap.

171 2637 273 2698 porro,
300 2635 371 2678 oum
394 2617 427 2676 in
450 2616 624 2697 posteriore
651 2615 788 2694 capitulo
817 2613 974 2676 notorium
1002 2613 1103 2690 dicat,

173 2713 258 2795 quod
273 2713 360 2774 nulla
368 2711 629 2792 tergiversatione
640 2713 762 2792 negari,
774 2716 828 2776 ant
838 2712 979 2774 excusari
989 2713 1102 2790 potest,

172 2811 205 2870 in
220 2810 325 2888 priore
340 2828 415 2871 vero
431 2809 579 2887 capitulo,
599 2809 768 2886 notorium,
784 2828 847 2871 non
857 2827 950 2870 omne
960 2808 1102 2886 dubium,

173 2909 205 2970 et
218 2907 251 2966 in
266 2907 457 2968 contrarium
473 2907 700 2986 exceptionem,
718 2905 874 2967 excludat.

213 3006 336 3080 Utrum,
353 3007 385 3065 et
399 3002 525 3084 quaudo
541 3004 581 3064 ob
597 3003 787 3064 adulterium
801 2999 973 3079 spirituale,
986 2999 1051 3060 sive
1063 3001 1103 3060 ob
1143 3012 1148 3026 ·

172 3101 297 3180 lapsum
319 3099 352 3159 in
376 3099 533 3176 haeresim,
557 3100 607 3161 vel
622 3098 812 3177 apostasiam
833 3115 852 3184 a
874 3094 947 3172 fide,
974 3095 1103 3158 alterius

174 3194 328 3275 conjugis,
343 3195 437 3257 liceat
458 3195 610 3257 catholico
629 3194 791 3256 instituere
811 3191 990 3268 divortium,
1013 3194 1103 3253 etan

173 3289 201 3349 ei
215 3309 342 3352 reverso
358 3291 398 3353 ad
412 3292 509 3353 fidem
523 3292 637 3353 debeat
651 3288 821 3366 conciliari,
839 3305 894 3348 seu
910 3287 950 3350 ad
965 3305 1037 3349 eum
1051 3307 1101 3349 re-

173 3382 263 3444 dire?

212 3482 302 3552 Quod
316 3482 416 3561 possit
428 3483 557 3562 propter
571 3481 693 3562 lapsum
714 3480 747 3542 in
765 3477 922 3558 heresim,
943 3478 992 3541 vel
1011 3494 1101 3557 apos-
