2548 4020
162 285 219 343 212
368 293 700 340 rusu1rurrounsrua1s
722 291 877 338 eunou1c1.

201 441 353 503 Dicuntur
385 438 578 501 conditiones
606 442 715 501 contra
741 437 951 501 substantiam
985 439 1094 502 metri-

161 537 268 614 monii‚
286 555 356 616 quae
371 540 573 614 apponuntur
589 535 704 614 triplici
721 535 803 596 hono
825 535 985 613 connubii,
1005 535 1094 598 vide-

160 634 233 696 lieet
247 633 317 720 tono
331 631 434 712 prolis,
449 651 480 694 v.
497 651 528 712 g.
555 651 562 693 :
586 632 619 694 Si
639 635 765 710 partum
783 631 904 710 abigas,
925 631 950 692 si
969 633 1094 711 prolem

160 733 297 810 occidas,
313 732 340 792 si
353 732 475 810 prolem
490 731 598 809 evites,
618 730 643 792 si
659 731 773 793 doceas
785 729 874 790 illam
887 729 999 790 falsam
1017 731 1093 792 reli-

159 830 297 910 gionem,
313 832 373 889 etc.

200 926 280 986 Nota
294 924 344 983 hio
355 923 446 984 valde
457 923 614 984 diversam
625 939 692 983 esse
704 920 916 983 conditionem
926 921 1094 984 honestam

160 1021 199 1082 de
213 1018 369 1082 servanda
383 1019 572 1098 virginitate,
589 1019 639 1078 vel
654 1017 813 1094 castilate,
831 1035 901 1096 queo
917 1035 980 1078 non
995 1036 1093 1099 oppo-

160 1117 244 1178 nitur
256 1116 339 1178 bono
361 1115 468 1195 prolis,
492 1114 551 1176 nisi
571 1119 692 1176 remote
710 1120 743 1175 et
761 1113 916 1194 negativo.
939 1114 1092 1195 (Ferraris

159 1217 228 1278 Vox
255 1232 262 1274 τ
287 1214 420 1294 votum.)
445 1211 574 1289 Concipi
597 1211 681 1272 enim
707 1212 810 1288 potest
841 1210 1033 1271 connubium
1058 1211 1092 1270 in

159 1310 263 1389 specie
278 1311 354 1373 etin
375 1311 521 1370 concreto
542 1309 608 1369 sine
630 1307 782 1368 relatione
804 1306 845 1368 ad
866 1306 1091 1367 commercium

159 1408 296 1485 cernale,
313 1407 446 1469 sednon
465 1408 568 1486 potest
587 1404 708 1484 concipi
728 1403 919 1465 connubium
936 1402 1092 1465 directum

157 1594 290 1674 positive
313 1595 531 1657 deordinando
554 1595 693 1676 aprelis
714 1591 911 1673 susceptione
932 1592 1091 1673 adquam

159 1695 272 1750 nature
286 1689 440 1752 directum
455 1695 512 1768 est,
533 1691 583 1752 vel
603 1691 757 1753 directum
772 1690 813 1752 ad
828 1689 946 1751 malum
959 1689 1087 1767 sobolis,

158 1787 312 1868 siquidem
328 1787 500 1868 nascatur.)
1033 1861 1035 1864 ¹

197 1887 229 1943 2⁰
244 1884 300 1946 Vel
314 1884 482 1963 opponitur
497 1883 566 1945 bono
577 1882 669 1964 fidei,
690 1901 744 1962 ern·
760 1903 792 1963 g.
814 1883 841 1943 si
856 1885 889 1945 te
909 1881 1092 1943 adulteren-

157 1979 507 2059 demquaestutradas3
668 2060 670 2063 v

196 2078 228 2136 3⁰
242 2075 300 2138 Vel
316 2075 385 2136 bono
398 2077 585 2154 sacrementi,
601 2094 632 2138 v.
648 2095 680 2156 g.
703 2093 867 2156 quousque
887 2073 982 2137 aliam
998 2074 1091 2136 inve-

159 2172 245 2234 niam
259 2189 329 2251 quae
343 2173 420 2233 mihi
434 2173 535 2254 magis
548 2173 683 2252 placeat,
700 2176 759 2234 etc.

198 2270 252 2331 Hae
276 2268 471 2331 conditiones
498 2268 610 2331 vitiant
638 2270 848 2341 contractum
870 2268 983 2328 tollunt
1006 2265 1091 2326 enim

150 2381 346 2437 ,consensum
374 2361 414 2422 ed
447 2349 702 2439 matrimonium,
740 2365 772 2424 et
804 2361 971 2441 porrigunt
1001 2359 1089 2422 illum

157 2474 345 2519 consensum
359 2456 399 2517 ad
414 2455 508 2517 aliam
526 2455 699 2519 illicitatam
718 2455 911 2532 societatem,
933 2473 1003 2536 quae
1022 2473 1090 2516 ma-

155 2552 338 2614 trimonium
352 2571 414 2613 uon
429 2559 487 2615 est.
818 2542 820 2546 ⁸
1022 2583 1025 2586 ·

194 2649 231 2708 In
246 2647 367 2707 caeteris
382 2649 614 2712 conditionibus
632 2649 762 2730 physice
784 2649 833 2710 vel
852 2649 1013 2712 moraliter
1031 2648 1090 2709 im-

155 2742 366 2824 possibilibus,
404 2745 523 2807 obtinet
547 2746 599 2826 jus
627 2748 820 2826 oppositum,
850 2745 997 2807 videlicet
1024 2764 1087 2808 nou

156 2838 275 2914 vitient,
292 2837 348 2900 sed
363 2835 438 2915 ipsae
453 2837 613 2915 vitiantur,
630 2843 662 2900 et
676 2840 833 2901 habentur
852 2842 1006 2919 tanquam
1026 2857 1088 2900 non

155 2934 297 3014 adjecta.
323 2933 515 2996 Favorabilis
539 2937 624 2996 enim
644 2939 692 2999 est
712 2953 809 2999 causa
828 2936 1022 3014 nuptiarum,
1043 2936 1089 2996 uti

156 3031 271 3093 dicitur
283 3030 426 3111 proedicto
439 3031 534 3112 capite
547 3031 653 3092 ultimo
667 3031 702 3093 de
711 3031 923 3094 conditionibus
927 3050 942 3109 ,·
952 3030 1088 3111 ideoque

155 3127 258 3188 visum
272 3129 320 3188 est
335 3127 368 3186 in
382 3145 419 3188 eo
431 3145 494 3187 non
505 3127 593 3207 sequi
601 3127 653 3207 jus
666 3145 725 3208 pro
740 3127 862 3189 oaeteris
876 3127 1090 3188 contractibus

155 3219 224 3297 lege
238 3238 371 3281 romana
384 3221 417 3281 in
432 3221 492 3283 hac
506 3240 540 3283 re
560 3223 711 3284 statutum
730 3239 788 3302 pro
807 3220 924 3284 ultimis
942 3221 1089 3283 volunta-

155 3313 265 3374 tibus:
303 3339 306 3344 ¹

195 3407 358 3485 Videlicet,
388 3411 584 3474 conditiones
607 3415 689 3476 lacto
714 3419 769 3475 aut
785 3413 857 3494 jure
878 3412 1088 3493 impossibiles

154 3503 366 3565 contractibus
381 3506 531 3584 oppositae
546 3509 616 3569 illos
630 3509 800 3583 vitiahaut;
811 3511 925 3587 ¹aperte
940 3507 1026 3568 enim
1048 3528 1085 3569 cx
