2476 4022
395 287 434 330 un
455 284 582 332 suasuro
602 286 684 334 mars
706 285 861 332 euuouuu.
1051 271 1089 330 57

167 426 221 488 sub
234 427 364 506 Pippino
379 431 411 489 at
424 427 535 490 Garolo
549 431 662 509 Magno
676 430 709 490 in
724 430 839 505 Galliis,
856 431 887 489 et
901 427 959 488 sub
974 429 1089 508 Grego-

158 520 206 608 ‚rio
221 521 274 583 Vll
287 521 321 579 in
334 520 500 600 Hispaniis.
517 521 656 584 Ecclesia
669 539 745 583 vero
759 537 863 602 graeoa
876 520 908 580 in
922 520 1090 582 onustanti·

162 611 346 689 nepulitanae
362 613 500 674 eeclesia
509 613 669 695 liturgiam
683 615 786 691 cessit,
798 617 830 674 et
840 611 971 691 proinde
980 618 1088 676 secuta

160 703 205 767 est
218 706 377 785 liturgiam
390 708 496 768 Basilii
510 713 542 771 et
555 708 779 786 Chrysostomi.

196 803 262 862 Hoo
276 806 489 881 staturarum,
507 806 539 866 S.
557 805 631 866 Pius
645 805 683 881 V,
699 821 781 864 auno
798 806 886 879 l570,
902 801 1087 865 coherenter

157 897 249 958 adea
264 915 334 978 qua
349 903 465 962 statuta
480 905 569 962 eraut
586 919 606 960 a
624 899 708 962 Trid.
725 916 801 960 sess.
818 902 860 961 25
875 898 915 958 de
929 896 1034 958 Indiae
1048 899 1086 958 li-

156 991 296 1069 brorum,
313 994 436 1054 Missale
451 995 586 1058 eorrexit
600 1000 631 1057 et
648 995 811 1075 proposuit
826 993 972 1054 omnibus
986 994 1085 1055 eoele-

156 1089 218 1162 siis,
238 1088 323 1150 faeta
340 1089 483 1152 libertate
504 1090 659 1154 retinendi
680 1092 758 1152 ritus
777 1094 927 1164 vetustos,
942 1087 992 1150 vel
1010 1090 1082 1150 alt.

156 1188 187 1249 S.
204 1187 238 1247 G.
256 1186 289 1246 iu
304 1193 362 1248 sua
375 1185 566 1252 institutione
580 1187 740 1268 probatos,
753 1188 802 1248 vel
817 1188 1083 1266 longattllanuo-

154 1297 223 1341 rum
244 1283 471 1346 eonsuetudine
493 1285 616 1346 assidue
636 1284 828 1346 observatos.
850 1283 916 1343 Hae
936 1282 1083 1342 facultate

154 1377 294 1439 nonnulli
309 1378 357 1439 usi
370 1381 453 1456 sunt,
469 1385 573 1460 prout,
589 1398 620 1440 v.
636 1398 699 1459 ga,
717 1378 793 1442 ordo
811 1377 1079 1438 Praedioatorum:

153 1473 202 1534 alii
224 1491 300 1536 vero
322 1477 547 1554 communiter,
569 1477 705 1557 exeeptis
725 1474 837 1555 grauis
861 1473 914 1554 qui
935 1472 1083 1551 pristinos

152 1586 223 1638 suos
247 1571 324 1632 ritus
345 1572 478 1650 positiva
501 1575 538 1634 ll.
564 1575 596 1635 S.
621 1575 654 1636 G.
679 1572 838 1634 voluntate
862 1569 1079 1646 observarunt,

150 1681 259 1727 omues
272 1666 433 1746 liturgiam
446 1685 611 1730 romanam
620 1672 834 1747 susceperuut.
847 1668 893 1727 nx
903 1665 963 1726 hoe
977 1664 1081 1726 videa·

148 1761 187 1826 tis
201 1781 266 1842 qua
279 1761 407 1842 liturgia
420 1765 566 1826 sacerdos
581 1766 707 1829 Missam
721 1764 881 1826 celebrare
895 1762 1019 1824 debeat.
1034 1762 1081 1822 lta

149 1858 278 1938 quidem
291 1860 324 1920 in
338 1878 465 1939 genere,
481 1863 514 1923 in
529 1863 731 1942 speoiasero,
742 1860 796 1922 ubi
809 1859 937 1940 liturgia
947 1875 1080 1920 romana

147 1955 292 2034 neglecta
310 1959 367 2035 est,
388 1975 512 2020 summa
532 1958 699 2038 prudentia
720 1957 895 2038 prasertim
913 1973 933 2016 a
950 1954 1079 2033 preshy-

146 2053 220 2114 teris
239 2051 300 2113 hae
318 2052 350 2113 iu
369 2071 403 2115 re
422 2054 658 2134 procedendum
677 2058 769 2132 esset,
786 2073 824 2115 ne
839 2051 1012 2132 impediant
1028 2057 1079 2113 tu·

145 2147 246 2210 multu
260 2147 351 2211 illum
360 2150 495 2214 reditum
506 2168 600 2232 quem
613 2152 751 2215 suaviter
761 2152 830 2232 ipsa
843 2151 899 2212 Dei
913 2149 1078 2228 providen-

144 2245 187 2309 tio
201 2244 349 2326 disponit.

250 2388 268 2430 ¹·
302 2407 342 2472 lv.
354 2408 385 2454 De
395 2415 504 2468 praeopto
518 2413 606 2458 annau
620 2411 745 2459 celebrandi
756 2409 790 2455 vel
802 2407 911 2454 audlaodl.

104 2527 110 2535 '
181 2521 220 2585 X.
236 2525 313 2586 lure
336 2527 443 2590 divino
464 2529 650 2594 saeerdotali
672 2530 775 2592 ordini
794 2529 987 2610 praeseptum
1007 2541 1075 2588 esse

143 2624 176 2683 ut
188 2620 318 2684 Missam
332 2623 470 2688 celebret
483 2627 621 2690 dubitem
635 2629 755 2708 nequit.
771 2629 862 2692 Clara
875 2628 948 2688 sunt
961 2623 1074 2688 Christi

141 2718 239 2779 verba
260 2738 267 2780 :
288 2719 354 2786 Hoc
370 2722 459 2802 facite
478 2725 508 2785 tn
527 2743 618 2787 meum
637 2727 943 2802 comoumomtsoaem,
960 2722 1074 2804 quibus

139 2812 243 2893 ipsum
253 2813 384 2894 jussisse
399 2823 433 2886 ut
447 2822 578 2900 apostoli
597 2822 712 2903 aliique
731 2822 911 2884 saoerdotes
925 2821 1074 2882 offerrent

139 2927 254 2990 eorpus
269 2916 300 2974 et
314 2917 500 2994 sanguinem
513 2937 606 2980 suum
623 2924 710 3000 patet
728 2938 766 2981 ex
779 2937 854 2980 sess.
872 2921 911 2978 22
929 2917 1015 2978 Trid.
1033 2917 1072 2978 de

138 3007 242 3070 saeris.
259 3009 362 3072 Missae
384 3029 452 3075 ean.
469 3017 512 3077 2⁰.
530 3017 608 3078 'lota
629 3035 704 3097 ergo
724 3015 891 3096 disputatio
912 3011 1072 3074 reducitur

138 3107 171 3166 ut
191 3105 357 3170 videamus
375 3112 577 3188 quandonam
601 3115 716 3194 singuli
735 3109 912 3194 presbyteri
931 3108 972 3168 ad
991 3108 1072 3168 osle-

138 3196 296 3262 brandum
316 3205 493 3269 teneantur.
510 3209 549 3270 lot
570 3209 697 3288 quidem
718 3208 743 3268 si
764 3224 851 3281 mero
869 3204 942 3286 jure
964 3203 1070 3264 divino

139 3295 268 3374 quaetio
290 3300 429 3362 finienda
449 3310 540 3383 esset,
562 3324 660 3385 quum
681 3305 733 3365 hie
753 3321 855 3366 sermo
874 3302 924 3379 sit,
945 3317 1008 3362 nou
1029 3300 1069 3362 de

138 3401 295 3475 praeopto
306 3400 463 3479 negativo,
476 3405 532 3464 sed
543 3405 581 3466 de
594 3404 737 3483 positivo,
751 3403 846 3484 quod,
859 3403 932 3464 lioet
945 3415 1070 3478 semper

138 3491 265 3574 obliget,
287 3513 351 3556 non
369 3502 476 3561 tamen
494 3519 551 3580 pro
569 3520 705 3583 semper,
721 3503 881 3572 videretur
895 3498 979 3581 quod
993 3501 1068 3556 tuno
