2476 4022
152 270 189 328 12
358 277 587 325 INSTITUTIONES
608 275 691 322 JUEIS
714 275 868 322 carolum.

150 424 305 488 visibilem
324 426 371 486 est
389 423 443 484 illa
462 439 532 502 que
551 420 717 504 intercedit
735 438 863 482 causam
877 419 959 484 inter
972 439 1083 483 secun·

151 513 272 582 dariam
294 525 326 581 et
345 517 614 581 instrumentalem
634 516 690 576 sed
709 515 908 593 efficientem,
924 517 957 577 in
972 517 1082 578 ordine

151 616 191 677 ad
207 617 353 677 ellectum
367 631 470 675 suum.
487 612 576 674 Unde
590 613 625 675 tit
640 611 736 691 quod,
752 612 806 672 ubi
821 613 946 693 signum
960 613 1082 675 visibile

151 712 350 787 sacramenti,
363 709 494 772 servatis
509 709 737 785 essentialibus,
749 709 808 769 rite
821 710 959 788 positum
974 710 1080 788 fuerit,

151 825 209 870 nec
228 806 347 886 aliquid
366 806 468 866 obstet
486 823 524 865 ex
543 809 632 884 parte
651 804 858 881 suscipientis,
881 807 1010 866 effectus
1030 806 1083 866 ille

151 902 313 964 invisibilis
325 901 501 961 necessario
512 902 672 978 sequatur.
686 901 857 977 Propterea
866 901 966 962 credit
974 901 1085 962 Eccle-

151 998 198 1059 sia
221 998 334 1057 harum
356 1013 473 1071 rerum,
498 1013 568 1074 quae
591 994 704 1056 divinae
726 1014 800 1056 vere
821 998 852 1057 et
873 995 998 1073 proprie
1020 995 1083 1056 dici

151 1095 292 1172 possunt,
306 1091 364 1153 sibi
379 1108 561 1152 concessum
571 1090 665 1151 luisse
675 1091 892 1166 ministerium,
903 1109 964 1152 non
976 1093 1083 1152 autem
1165 1140 1170 1148 .

152 1188 368 1252 substantiam.
386 1188 481 1248 Plura
501 1186 597 1266 igitur
614 1189 718 1265 potest
737 1187 907 1248 decernere
923 1193 954 1249 et
972 1206 1083 1266 reapse

153 1284 293 1346 decrerit
307 1283 357 1343 rel
375 1283 501 1344 decreta
520 1282 713 1344 modificavit
730 1282 814 1344 circa
827 1283 951 1345 illorum
965 1285 1084 1343 rectam

153 1378 469 1454 administrationem,
496 1397 534 1438 ne
562 1381 795 1441 sacramentum
820 1378 912 1440 detur
939 1377 1081 1454 canibus,

153 1477 272 1537 nnllam
294 1475 352 1536 sibi
376 1492 451 1535 vero
476 1474 577 1534 inesse
600 1473 781 1536 facultatem
806 1493 869 1554 qua
894 1475 1006 1535 harum
1033 1492 1085 1534 re-

153 1588 223 1632 rum
243 1569 442 1632 efficientiam
461 1569 566 1630 valeat
583 1568 754 1647 impedire,
775 1569 897 1630 irritare
916 1569 968 1630 vel
983 1578 1085 1629 retar-

154 1666 241 1728 dare.

172 1832 184 1878 fi
197 1825 230 1871 ῘῙ.
243 1837 271 1870 Μ
283 1836 356 1871 amo
368 1835 431 1874 0111ss
444 1834 535 1868 HABERE
547 1833 701 1868 sculturbura
712 1833 737 1867 nl
748 1833 871 1868 ΕΕΟΝΟΙΙΔ
882 1831 1064 1867 ncclrsusrlcn.

193 1956 245 2016 lll.
264 1955 369 2016 Status
387 1952 542 2032 juridicus
556 1958 840 2030 sacramentorum,
857 1971 918 2014 non
938 1970 1028 2014 secus
1047 1969 1084 2012 ac

154 2055 331 2110 ceterarum
351 2066 468 2123 rerum,
490 2047 717 2108 determinatur
738 2066 794 2126 pro
816 2047 966 2110 relatione
989 2053 1083 2127 quam

154 2163 204 2205 res
219 2144 338 2206 babent
351 2143 392 2205 ad
407 2143 503 2204 finem
517 2146 547 2205 et
566 2160 716 2221 personas
736 2144 967 2224 aggregationis
987 2143 1085 2205 eccle·
1126 2169 1128 2173 ·

154 2239 298 2302 siasticae.
1148 2241 1150 2247 ’

195 2335 398 2396 Sacramenta
412 2335 443 2396 in
459 2333 568 2396 ordine
582 2335 621 2393 αα
637 2332 725 2414 ficem
742 2337 873 2413 possunt
891 2333 1083 2396 considerari

153 2429 204 2490 vel
225 2428 329 2507 quoad
351 2427 530 2489 universam
549 2427 722 2488 Ecclesiam
742 2428 791 2488 vel
816 2427 920 2506 quoad
943 2427 1084 2507 singulos

155 2521 359 2584 Christianos.

195 2620 226 2678 1⁰
250 2615 360 2689 Quoad
382 2617 561 2678 universam
582 2619 766 2694 Ecclesiam,
788 2618 914 2680 illorum
936 2618 1086 2679 adminis-

152 2712 246 2773 tratio
262 2717 294 2772 et
307 2699 836 2795 suscepti0‚‘generatimloquendo,
853 2732 903 2777 res
918 2714 1086 2778 necessita-

153 2807 193 2869 tis
217 2811 275 2883 est,
301 2826 413 2889 nempe
438 2807 579 2870 absolute
608 2812 639 2870 et
666 2811 842 2872 necessario
866 2812 1022 2872 servanda
1045 2811 1085 2872 ab

153 2900 294 2962 Ecclesia
313 2904 347 2962 ut
367 2899 414 2961 sui
433 2901 504 2961 finis
525 2899 713 2980 assequendi
731 2904 813 2980 potis
832 2903 882 2964 sit.
903 2905 980 2965 Cum
1002 2901 1085 2963 enim

154 2997 203 3058 hae
222 3015 272 3058 res
291 2997 432 3076 positiva
452 2997 507 3058 Dei
526 2997 728 3060 institutionis
743 2999 1008 3078 sint,necessario
1023 3018 1086 3059 ser-

154 3093 266 3154 vandae
288 3097 361 3155 sunt
382 3096 417 3153 ut
435 3092 568 3153 societas
590 3093 802 3155 ecclesiastica
822 3095 863 3155 ad
882 3112 973 3155 suum
990 3095 1085 3154 finem
1162 3146 1165 3150 .

155 3187 325 3249 ordinetur.
339 3188 448 3249 Praxis
458 3187 553 3267 igitur
568 3205 613 3250 vrr
625 3197 893 3252 sacramentorum
903 3191 935 3251 in
946 3190 1085 3252 Ecclesia

154 3281 251 3341 habet
273 3282 416 3342 ordinem
440 3282 634 3345 necessitatis
657 3283 689 3343 in
712 3285 807 3345 linem
834 3289 963 3364 propter
990 3302 1084 3363 quem
1108 3291 1113 3305 “

154 3375 293 3437 Ecclesia
307 3393 326 3436 a
341 3377 461 3439 Christo
476 3378 619 3441 instituta
634 3381 690 3440 ast.

193 3475 225 3533 2⁰
241 3471 272 3534 Si
288 3488 362 3534 vero
373 3478 570 3567 sacrpmenta
579 3473 819 3538 considerantur
828 3476 933 3556 quoad
943 3477 1082 3556 singulos
