2476 4022
367 233 408 276 nn
429 231 557 278 onruoro
578 234 660 280 runis
682 234 836 280 eruemur.
1027 221 1065 282 23

169 380 303 439 Certum
317 379 365 436 est
378 375 411 435 in
424 375 522 455 primu
538 377 703 455 hypothesi
716 378 867 440 infantem
885 378 966 440 sieut
983 394 1067 456 aqua

128 473 211 551 tingi
232 490 296 532 non
314 489 419 549 posse,
435 471 479 532 ita
497 489 554 532 neo
573 489 664 552 posse
687 474 847 550 baptizari.
866 475 973 534 Solum
988 491 1067 533 non·

131 568 293 628 nullorum
308 566 528 627 haeretioorum
543 566 648 645 opinio
663 567 721 630 fuit
735 569 820 648 quod
834 568 903 647 ejus
916 570 985 630 loeo
1000 585 1068 629 me·

131 663 187 723 tris
212 678 329 739 eorpus
352 661 436 720 ablui
459 667 575 740 posset.
599 664 774 726 Censebant
797 663 891 738 enim,
915 667 949 724 ut
969 664 1066 727 tradit

132 757 329 837 Augustinus
342 756 396 816 lib.
413 760 443 818 6.
459 765 562 817 eontra
576 757 728 818 lulianum
743 777 770 819 c.
787 762 818 835 5,
831 757 982 819 infantem
997 765 1066 821 uts-

133 870 168 912 ro
182 852 341 912 inolnsum
356 869 423 912 esse
440 859 564 932 partem
577 854 716 932 eorporis
732 853 876 930 materni,
889 856 920 915 et
932 853 1065 932 proinde

135 965 190 1026 per
204 947 308 1026 ipsam
321 947 485 1025 baptizari.
591 953 593 958 '

173 1045 214 1106 At
232 1042 328 1103 ultera
348 1043 468 1122 questio
488 1043 622 1104 maxime
642 1045 790 1124 perplexa
808 1048 866 1106 est.
883 1047 962 1105 Nam
983 1045 1068 1123 Bap-

27 1195 30 1204 ,
135 1137 242 1200 tismus
263 1145 311 1199 est
329 1141 560 1200 sacramentum
573 1140 831 1220 regenerationis,
849 1158 904 1200 seu
920 1141 1066 1202 seeoudae

135 1234 305 1297 nativitatis
319 1233 499 1313 spiritualis,
516 1234 568 1297 oui
585 1253 712 1297 neeesse
728 1240 774 1297 est
788 1241 822 1297 ut
835 1235 937 1315 prima
951 1253 1066 1316 eorpo-

136 1331 177 1392 ris
196 1331 345 1393 nativitas
366 1331 536 1410 praeoedat.
559 1331 642 1392 Dixit
662 1333 745 1392 enim
767 1332 907 1394 Christus
931 1351 937 1395 :
966 1331 1065 1392 «Nisi

137 1425 203 1504 quis
216 1428 347 1484 renatus
366 1425 460 1486 fuerit
478 1443 516 1484 ex
535 1441 619 1504 aqua
637 1428 668 1487 et
683 1424 795 1504 spiritu
814 1421 934 1503 saneta,
951 1430 1011 1486 eto.
1027 1457 1068 1470 -

136 1517 195 1580 Nisi
211 1519 282 1600 quis
297 1523 426 1580 renatus
440 1521 534 1582 fuerit
547 1520 663 1598 denuo,
681 1537 744 1582 non
764 1519 879 1600 poterit
896 1520 1003 1584 videre
1017 1539 1068 1582 re-

136 1633 232 1696 gnum
253 1615 322 1693 Dei,
345 1620 404 1679 ete.
427 1649 467 1660 -—
488 1617 618 1696 Oportet
638 1635 693 1678 vos
713 1617 801 1678 nasei
821 1618 935 1679 denuo.
958 1639 973 1676 o
998 1619 1067 1679 Non

136 1715 237 1793 potest
257 1716 364 1794 autem
385 1712 488 1774 denuo
510 1705 596 1773 nasei
615 1716 669 1775 aut
690 1715 811 1776 renasoi
830 1713 883 1795 qui
905 1729 1068 1796 nunquam

136 1815 226 1873 natus
241 1812 299 1871 est.
316 1811 434 1874 Verum
447 1826 486 1870 ex
500 1808 562 1870 etia
576 1813 665 1888 perte
682 1809 807 1874 videtur
821 1828 894 1874 vere
909 1814 1001 1874 natus
1016 1811 1067 1872 ille

137 1907 187 1988 qui
202 1924 267 1968 nun
280 1905 414 1985 amplius
429 1906 566 1967 inolusus
581 1910 612 1968 et
626 1907 827 1970 absconditus
846 1907 879 1968 in
896 1911 987 1970 utero
1001 1925 1069 1968 ma-

136 2007 222 2065 terno
239 2005 298 2079 est,
314 2003 370 2064 sed
381 2003 449 2082 jam
463 2002 639 2065 obstetricis
653 2004 798 2065 manibus
813 2003 940 2065 tractari
956 2002 1065 2082 possit.

137 2100 291 2161 Gaeterum
305 2099 481 2177 putandum
492 2117 552 2160 non
565 2099 689 2162 videtur
699 2118 736 2160 ex
747 2103 860 2162 natura
870 2097 1068 2177 baptismatis

136 2197 264 2258 totalem
293 2200 324 2258 et
347 2195 522 2259 absolutam
546 2196 751 2272 nativitatem,
781 2201 813 2256 et
839 2213 1001 2274 egressum
1028 2213 1067 2256 ex

138 2299 223 2357 utero
247 2300 389 2357 materno
414 2295 544 2374 requiri,
570 2296 627 2356 sed
649 2295 720 2356 talis
748 2297 847 2355 status
874 2310 936 2372 quo
964 2292 1067 2354 iniens

139 2390 218 2450 ablui
234 2389 343 2466 possit,
358 2407 454 2468 quum
468 2389 536 2450 haeo
551 2406 634 2450 nova
646 2388 807 2468 generatio
827 2403 890 2447 non
905 2390 970 2448 tam
985 2385 1067 2446 nuti·

139 2486 222 2548 vitati
239 2503 334 2566 quam
349 2485 543 2566 generationi
559 2489 746 2564 opponatur,
763 2489 795 2545 et
807 2484 879 2544 ideo
898 2482 931 2543 in
948 2481 1068 2560 baptis-

138 2589 218 2646 mtte
233 2583 429 2644 renaseimur
443 2583 517 2663 quis
526 2601 583 2662 per
597 2583 673 2643 illud
683 2599 882 2660 generamur.
896 2580 959 2642 Sed
973 2597 1067 2658 gene·

140 2681 214 2742 ratio
231 2683 263 2740 et
277 2679 424 2741 nativitas
439 2679 551 2740 eodem
565 2687 637 2741 aotu
652 2678 811 2758 perficitur
819 2677 852 2737 in
865 2676 1064 2755 baptismata,

141 2775 339 2854 distinguitur
364 2794 438 2837 vero
465 2777 499 2836 in
527 2781 648 2839 natura.
680 2776 743 2836 Sed
771 2774 900 2854 quaestio
930 2790 992 2833 non
1020 2777 1067 2834 est

140 2873 299 2953 eliquata:
317 2887 391 2952 ergo
413 2875 563 2936 suadetur
582 2872 805 2952 baptizandum
828 2889 895 2932 esse
915 2867 1067 2931 infantem

141 2985 174 3030 eo
187 2969 221 3028 in
235 2973 318 3030 statu
334 2970 392 3030 sub
406 2969 594 3048 conditione,
607 2989 670 3052 qua
679 2969 891 3049 rebaptizetur
902 2983 999 3046 quum
1013 2982 1067 3044 pe·

141 3061 271 3124 rieulum
286 3063 430 3126 cessabit.
534 3121 538 3130 .

176 3161 225 3221 Ad
240 3159 355 3220 tertiam
365 3162 559 3240 questionem
571 3160 740 3242 respondet
752 3159 874 3221 Rituale
889 3175 1065 3240 romanum,

143 3257 225 3318 titulo
247 3256 287 3316 de
308 3258 506 3338 baptizandis
526 3261 677 3338 parvulis,
701 3257 785 3337 quod
806 3257 941 3319 instante
960 3256 1068 3318 mortis
1079 3264 1088 3272 ”

142 3355 275 3433 perieulo
295 3354 327 3416 in
350 3375 387 3417 ea
407 3364 496 3436 parte
515 3358 672 3438 baptisma
691 3355 915 3416 eonferendum
930 3355 980 3432 sit,
997 3371 1067 3434 quse

144 3467 177 3511 ex
196 3455 285 3514 utero
308 3453 450 3535 emergit,
468 3453 618 3536 additque
638 3469 701 3513 non
718 3469 787 3515 esse
805 3452 962 3533 baptisma
978 3464 1068 3530 repe-
