2548 4020
401 257 439 303 on
461 257 691 304 obsecraturus
713 259 868 307 canorum.
990 242 992 246 ’
1044 251 1101 312 237

341 407 353 454 s
367 401 388 446 Ι.
399 401 432 445 lle
442 405 523 446 natura
534 405 555 446 et
562 402 670 457 speciebus
680 403 878 446 sacramentalium.

210 501 234 562 l.
252 499 371 562 Natura
390 499 664 561 sacramentalium
684 498 789 578 quoad
807 517 905 578 genus
924 500 1101 578 proximum

169 595 346 657 eommunis
365 596 413 654 est
434 613 505 656 cum
526 595 730 655 sacramentis
751 595 783 654 in
803 595 916 673 quibus
935 596 1101 676 utrobique

52 724 59 733 ³
167 691 326 770 reperitur
339 694 469 752 externa
478 694 510 752 et
518 690 649 752 visibilis
662 691 802 769 operatio
814 709 883 770 quae
895 690 935 750 ad
946 690 1101 752 internam

168 791 201 850 et
214 787 405 850 invisibilem
418 787 528 866 gratiae
545 786 760 865 operationem
774 791 842 849 tum
862 786 1101 868 significandam

166 887 237 941 tum
260 879 458 940 efficiendam
482 879 654 942 ordinatur.
679 880 741 942 Sed
763 880 938 944 differentia
959 880 1101 960 proxima

167 976 232 1036 alia
246 980 293 1035 est
306 980 585 1053 sacramentorum,
603 976 664 1036 alia
678 977 963 1043 sacramentalium.
984 978 1024 1036 Et
1041 975 1101 1035 hoe

167 1070 275 1152 quoad
290 1071 352 1132 duo
370 1091 376 1132 ε
395 1076 425 1132 l⁰
441 1072 550 1143 Quoad
564 1073 761 1134 anctoritatem
782 1092 845 1153 qua
858 1073 1001 1135 instituta
1014 1076 1098 1148 sunt,

165 1171 200 1228 2⁰
215 1167 320 1247 quoad
336 1167 393 1227 cim
412 1175 441 1228 ct
459 1165 620 1246 efficaciam
639 1187 702 1248 qua
720 1168 870 1247 gaudent.
891 1170 1033 1249 Namque
1052 1185 1100 1228 sa·

166 1267 331 1325 aramenta
353 1281 373 1324 a
395 1262 518 1324 Christo
540 1263 673 1325 Domino
695 1263 802 1325 diviua
822 1265 1007 1326 auctoritate
1028 1269 1101 1326 suut

165 1360 326 1434 iustituta;
345 1363 453 1422 contra
466 1377 541 1420 vero
564 1361 804 1422 sacramentalia
824 1362 864 1421 ab
886 1359 1036 1436 Ecclesia,
1059 1360 1099 1420 ab

165 1457 307 1518 humana
330 1456 516 1518 auctoritate
539 1455 692 1536 originem
713 1457 903 1520 hahuerunt.
930 1455 994 1518 Sed
1015 1454 1099 1535 quod

165 1553 270 1634 majus
284 1556 342 1631 est,
366 1557 562 1614 sacramenta
582 1555 671 1615 tauta
684 1553 817 1632 praedita
837 1556 910 1615 suut
930 1551 1044 1616 virtute
1065 1555 1100 1612 ut

163 1652 229 1711 sint
242 1650 357 1727 media,
380 1650 589 1711 iustrumenta
609 1667 664 1710 seu
687 1669 770 1712 verae
791 1669 893 1712 causae
913 1631 1095 1725 efficientes

163 1741 360 1804 secundaria
373 1748 480 1802 tamen
495 1745 527 1803 at
546 1743 812 1822 instrumentales,
835 1745 946 1826 gratiae
960 1744 1043 1804 illius
1057 1741 1097 1804 ad

164 1857 262 1921 quam
277 1839 471 1900 ordinantur.
489 1839 578 1902 Unde
593 1840 740 1902 dicuntur
754 1845 952 1904 sacramenta
965 1841 1029 1904 vim
1040 1842 1098 1902 ha·

163 1938 241 1997 here
256 1954 294 1996 ex
308 1953 393 2015 apae
406 1943 537 2015 operato.

205 2033 323 2092 Contra
355 2048 451 2110 vero,
476 2031 718 2116 sacramentalia
747 2032 806 2092 hac
829 2032 879 2108 vi,
904 2031 963 2092 hac
987 2031 1098 2096 intima

163 2128 281 2189 virtuts
303 2125 527 2206 destituuntur,
553 2132 585 2190 et
608 2129 640 2189 in
663 2132 786 2190 tantum
810 2126 882 2189 sunt
902 2128 1043 2188 efficacia
1065 2127 1097 2186 in

164 2226 319 2304 quantum
332 2226 417 2285 Deus
430 2242 487 2304 pro
502 2243 560 2286 sua
573 2223 767 2305 benignitate
782 2223 892 2285 anuuit
904 2223 977 2283 fidei
992 2223 1096 2283 Eccle-

163 2321 219 2382 siae
235 2337 305 2400 quse
326 2320 404 2382 ritus
425 2320 494 2381 illos
518 2321 651 2383 instituit
674 2326 705 2383 et
727 2321 917 2400 frequentat,
944 2321 974 2380 et
996 2318 1096 2378 bonas

162 2415 402 2493 suscipientium
416 2415 636 2494 dispositiones
651 2415 839 2477 considerat.
858 2413 947 2477 Unde
962 2430 1024 2474 non
1040 2412 1097 2472 ha-

161 2513 241 2573 beut
266 2511 331 2573 vim
359 2512 682 2593 efficacem‘gratiam
706 2512 868 2592 operandi,
893 2511 949 2572 sed
973 2513 1096 2572 tautum

162 2627 226 2669 conc
242 2607 422 2688 c'mpetrondi
435 2627 474 2669 ex
487 2609 542 2670 Dei
559 2609 777 2670 misericordia
791 2612 823 2670 et
836 2607 988 2670 bonitate.

204 2704 294 2766 Unde
309 2704 334 2764 si
349 2708 547 2767 sacramenta
561 2705 771 2768 definiuntur:
784 2705 874 2766 Ritus
887 2705 1026 2766 visibiles
1041 2703 1095 2784 qui

162 2821 202 2864 ex
229 2804 342 2867 Christi
370 2805 494 2866 Domini
522 2805 727 2884 institutione,
752 2806 862 2884 gratiae
886 2808 954 2866 tum
975 2804 1095 2884 signifi—

163 2898 354 2960 candentum
369 2899 540 2962 efficiendae
556 2899 620 2962 vim
639 2901 773 2974 habent;
797 2899 859 2960 diei
880 2900 997 2959 debent
1016 2916 1095 2958 ane-

161 2993 264 3074 logice
279 2995 541 3058 sacramentalia:
568 2997 654 3058 Ititas
677 2995 801 3056 visibiles
824 2995 877 3074 qni
898 3012 935 3054 cn
955 2993 1094 3055 Ecclesia

162 3091 344 3155 institutione
367 3093 473 3173 grotta
503 3101 562 3153 tum
586 3090 788 3172 significandos
812 3099 871 3150 tnnc
900 3088 1093 3170 imploranda

163 3187 220 3248 vim
235 3187 352 3250 dotent.
1155 3253 1158 3257 ,

201 3285 240 3346 ΙΙ.
257 3281 391 3346 Definita
411 3283 455 3344 sic
476 3288 589 3346 natura
609 3283 884 3345 sacramentalium
905 3283 946 3344 ad
967 3283 1091 3345 illorum

161 3379 267 3457 specics
281 3381 429 3442 devenire
445 3384 502 3457 est,
519 3397 589 3459 quae
605 3383 678 3442 sunt
691 3380 895 3458 multiplices,
912 3385 948 3456 et
961 3385 1092 3460 possunt

163 3475 323 3557 distingui,
349 3478 379 3536 l⁰
403 3494 460 3555 pro
484 3476 618 3538 materia
639 3495 702 3557 qna
725 3477 951 3552 conficiuntur;
977 3483 1009 3540 2⁰
1033 3495 1090 3556 pro
