2548 4020
26 3481 28 3536 l

384 274 423 318 on
445 275 573 321 oaracro
592 275 674 322 anais
696 277 850 324 curvorum.
1028 270 1084 326 179

158 437 226 480 cum
255 435 381 479 summo
409 417 621 480 foecunditatis
645 423 676 480 et
699 419 853 482 felicitatis
882 423 1003 485 effectu.
1031 424 1085 484 His

155 515 352 594 praehabitis,
369 533 452 575 nunc
467 516 505 576 da
520 516 743 594 impedimento
759 518 833 579 voti.

196 611 358 691 Quidquid
367 612 408 672 sit
418 611 457 672 de
472 613 644 691 quaestione
658 633 664 674 :
681 632 723 674 au
736 613 841 675 valeat
853 613 1085 678 matrimonium

156 711 356 770 contractum
376 725 450 768 cum
470 708 650 770 conditione
671 709 748 770 illud
768 727 929 790 nunquam
944 728 1088 772 consum·

156 805 277 880 mandi,
294 805 352 865 sed
366 804 513 865 servandi
536 808 720 883 perpetuam
742 807 965 868 continentiam
981 812 1012 870 et
1024 810 1087 870 vir-

156 903 333 982 ginitatem,
351 906 471 963 certum
486 902 631 982 estquod
647 921 684 963 ax
698 903 909 982 matrimonio,
922 923 993 966 cum
1009 906 1089 967 ordi·

157 1005 269 1060 natum
283 1016 322 1058 ex
336 1001 450 1059 natura
463 999 503 1060 sit
516 1001 826 1079 tanquammadium
840 1003 1087 1082 propagationis,

158 1099 307 1156 nascatur
313 1093 366 1173 jus
375 1095 539 1174 utriusque
555 1095 697 1176 conjugis
707 1097 747 1158 ad
757 1099 904 1176 copulam
918 1099 1087 1174 carnalem,

158 1191 209 1250 cui
233 1191 406 1268 respondet
428 1195 538 1252 mutua
561 1191 708 1270 obligatio
730 1193 816 1252 illam
839 1193 1003 1272 reddendi,
1028 1213 1090 1274 quo

159 1289 217 1348 fiat
238 1290 273 1347 ut
293 1287 401 1347 mulier
422 1288 471 1346 sui
488 1288 616 1366 corporis
637 1307 695 1348 oon
716 1286 821 1348 babeat
841 1296 1027 1366 potestaten,
1044 1289 1093 1351 sed

158 1383 229 1458 air,¹
242 1383 387 1445 similiter
400 1383 447 1444 oa'r
460 1403 517 1443 oon
531 1383 633 1444 labent
646 1385 694 1444 sui
705 1384 833 1462 corporis
849 1392 1030 1462 potestatem,
1044 1385 1094 1444 sed

159 1476 277 1536 mulier.

202 1573 286 1650 Ergo
302 1574 356 1651 qai
369 1577 479 1635 votum
494 1573 597 1636 emisit
615 1576 775 1654 perpetuae
795 1575 945 1638 castitatis
960 1593 1022 1635 non
1037 1593 1094 1656 po-

160 1671 225 1726 test
238 1665 473 1726 matrimonium
487 1667 673 1728 contrahere
689 1666 755 1727 sine
769 1667 833 1729 voti
848 1668 896 1727 sui
910 1667 1090 1727 violatione.

160 1762 250 1823 Licet
264 1762 349 1821 enim
363 1766 468 1840 posset
481 1761 559 1822 illud
575 1763 731 1823 custodire
746 1781 784 1823 ex
799 1781 837 1824 ea
851 1767 939 1841 parte
954 1781 1017 1842 qua
1031 1780 1092 1823 non

160 1860 250 1935 petat
283 1855 439 1932 debitum,
464 1874 527 1917 non
558 1860 661 1935 potest
696 1860 801 1918 tamen
827 1857 894 1916 sine
926 1857 1094 1917 violatione

158 1953 282 2036 jurium
303 1952 430 2013 alterius
452 1951 594 2031 conjugis
615 1952 691 2012 illud
711 1970 837 2012 servare
855 1971 919 2012 non
933 1951 1094 2012 reddendo

162 2049 317 2109 debitum.
339 2048 428 2110 Unde
448 2048 663 2110 concludimus
683 2047 767 2127 quod
787 2048 838 2108 ille
855 2048 906 2127 qui
921 2050 1008 2110 vovit
1030 2049 1094 2109 Deo

162 2148 341 2208 castitatem
356 2151 552 2224 perpetuam,
569 2145 801 2212 matrimonium
822 2145 1006 2208 contrahere
1021 2147 1096 2225 legi-

164 2244 241 2304 time
251 2260 314 2303 non
326 2245 437 2320 potest.
450 2245 588 2321 Excepto
602 2247 707 2302 tamen
723 2258 797 2300 casu
812 2240 1002 2301 matrimonii
1012 2242 1096 2320 quod

164 2340 222 2399 fiat
244 2341 354 2399 mutua
381 2339 586 2400 conventione
614 2356 672 2397 aec
701 2336 843 2414 petendi,
865 2354 923 2397 nec
943 2335 1097 2396 reddendi

166 2434 327 2498 debitum.
350 2433 400 2494 vel
423 2434 572 2512 peculiari
596 2435 653 2494 Dei
675 2433 866 2494 revelatione
895 2449 964 2513 quae
995 2433 1097 2492 certos

166 2527 281 2590 reddat
302 2529 386 2607 quod
407 2528 526 2606 petitio,
543 2528 593 2588 vel
607 2526 741 2589 redditio
756 2526 852 2589 debiti
873 2541 1037 2606 vnunquam
1052 2542 1098 2583 se·

168 2632 294 2704 quetur.

209 2720 273 2782 Sed
283 2720 356 2781 baec
365 2721 415 2781 lex
425 2739 495 2800 quae
504 2721 651 2799 prohibet
667 2721 851 2783 voventibus
864 2719 1099 2784 matrimonium

169 2825 218 2879 est
231 2837 271 2878 na
285 2818 333 2879 lex
349 2837 435 2879 merc
450 2818 616 2898 prohibeas,
633 2836 673 2879 an
689 2820 783 2882 etiam
798 2819 940 2880 irritans?
1058 2800 1070 2818 ⁰

209 2915 340 2976 Diversa
363 2915 524 2992 responsio
550 2918 597 2974 est
619 2930 676 2992 pro
700 2914 851 2976 varietate
875 2912 1101 2992 principiorum

170 3011 255 3071 unde
271 3011 402 3090 quaestio
417 3011 568 3071 solvenda
582 3011 630 3071 sit.

213 3110 245 3169 1⁰
260 3107 291 3168 Si
317 3108 445 3186 quaestio
466 3105 644 3167 delinienda
662 3111 745 3167 essct
768 3122 854 3165 mero
873 3105 944 3184 jure
968 3102 1102 3162 naturali

173 3205 327 3282 inspecto,
350 3203 537 3263 deberemus
559 3202 663 3262 dicere
685 3201 769 3280 quod
792 3201 841 3260 lex
865 3217 935 3278 quae
959 3197 1105 3278 prohibet

174 3299 361 3360 voventibus
384 3299 628 3374 matrimonium,
654 3315 742 3358 mere
768 3295 937 3374 prohibens
962 3296 1016 3371 sit,
1043 3311 1105 3354 non

176 3393 313 3454 irritans.

218 3487 295 3546 Nam
312 3487 424 3564 primo,
435 3484 653 3564 utapraeludio
670 3484 863 3560 dicebamus,
875 3485 924 3545 lex
939 3483 1109 3563 prohibens
