2504 4024
393 323 432 366 nn
453 321 580 368 ostnoro
600 325 683 368 ruere
705 325 859 371 1111111111.
1034 315 1089 374 153

160 469 331 530 adventum
346 466 481 527 evaserit
495 484 592 526 unum
611 485 649 526 ex
668 473 788 545 septem
804 469 882 548 legis
901 471 1090 550 evangelicae
1154 502 1156 506 ·

159 566 394 628 sauramentum
408 581 427 623 a
442 561 562 624 Christo
578 564 709 624 Domino
725 565 835 625 Nostro
850 564 1034 628 institutum.

197 662 272 722 Pius
287 661 369 736 VIII,
385 660 418 719 in
433 659 562 737 Enoyol.
580 657 715 718 Tradidit
727 659 889 720 humilitati
901 660 951 721 dIe
965 665 1003 722 tt
1017 664 1090 725 mati

160 761 246 833 1829,
258 756 345 816 idem
360 754 464 831 docet,
477 753 561 834 quod
572 753 749 833 oonjnnotio
759 753 814 815 illa
823 772 893 834 quae
904 759 975 818 ante
990 759 1090 819 Ghris-

158 858 226 917 tum
240 852 383 914 instituta
401 852 459 914 fuit
477 851 518 912 ad
537 851 808 932 propagationem,
825 873 845 915 a
865 855 987 917 Christo
1009 857 1092 918 facta

160 955 207 1012 est
221 952 466 1012 sacramentnm.

199 1047 330 1124 Gregor.
346 1045 426 1105 XVI.
443 1042 571 1121 IInoyol.
588 1042 699 1104 Mirari
711 1063 769 1122 uos,
787 1048 824 1106 15
840 1063 912 1123 ang.
931 1049 1019 1109 1832.

198 1140 273 1201 Pius
287 1140 340 1215 IX,
357 1139 390 1198 in
405 1139 592 1199 alloeutione
607 1139 657 1200 die
672 1143 709 1200 at
724 1141 804 1202 febr.
823 1144 910 1202 1852.

198 1236 265 1295 XII.
291 1231 450 1311 Quidquid
475 1231 514 1292 ad
539 1235 689 1294 aternam
712 1233 893 1296 felicitatem
913 1235 1092 1296 ordinatum

160 1334 217 1407 est,
236 1330 269 1390 id
285 1346 378 1402 omne
393 1328 476 1389 oivili
495 1328 673 1390 auctoritati
691 1328 912 1406 substractum,
934 1330 974 1390 ab
996 1331 1092 1390 eoele-

160 1427 286 1488 siastiea
318 1424 503 1486 auctoritate
532 1423 756 1503 independenter
784 1424 879 1485 debet
908 1425 1090 1495 moderari;

161 1523 249 1602 atqui
267 1520 429 1583 vinculum
444 1517 674 1581 matrimoniale
690 1520 932 1582 ohristianorum
951 1521 990 1582 ad
1009 1521 1094 1582 ordi·

161 1635 233 1678 nem
248 1615 522 1694 supernaturalem
537 1615 764 1676 elevatumest.
781 1617 877 1694 Ergo,
894 1620 953 1676 eto.

199 1711 294 1773 Proh.
311 1709 415 1771 minor
431 1731 438 1772 :
455 1710 619 1772 Elevetum
633 1713 680 1772 est
696 1711 736 1772 ad
752 1711 895 1773 ordinem
909 1719 1094 1790 supernatu-

161 1808 261 1869 ralem
281 1806 401 1868 ratione
423 1823 614 1886 personarum
636 1825 706 1886 quae
736 1811 944 1884 oontrahuut;
971 1810 1092 1871 ratione

160 1912 240 1964 aetus
255 1919 317 1983 quo
328 1903 580 1964 contrahendum
590 1909 648 1966 est.
660 1905 792 1968 Ratione
803 1922 1011 1983 personarum
1022 1923 1092 1984 quae

160 1999 361 2074 contrahunt,
377 2015 433 2078 pro
450 1998 563 2078 quibus
579 2000 656 2061 ordo
676 1999 803 2061 moralis
825 2019 844 2060 a
862 2001 1091 2079 supernaturali

160 2115 222 2159 non
237 2096 450 2176 distinguitur,
467 2098 523 2158 sed
538 2099 658 2160 ratione
679 2098 750 2158 finis
769 2099 811 2158 ad
830 2116 925 2177 quem
942 2100 1094 2160 111111111-
1131 2099 1133 2103 ’

159 2193 234 2270 vati,
251 2190 362 2252 ordine
377 2193 609 2271 supernaturali
625 2194 754 2254 effeetus
774 2195 1093 2271 supernaturalizatus

160 2293 216 2347 est.
234 2287 366 2348 Ratione
385 2293 473 2348 aetus
492 2306 553 2367 quo
574 2287 788 2360 oontrahitur;
811 2305 885 2347 nam
913 2293 1093 2350 contractus

158 2383 404 2446 matrimoniales
425 2382 466 2443 ad
488 2386 677 2446 sacramenti
697 2383 882 2463 dignitatem
904 2386 1032 2445 evectus
1052 2385 1091 2444 ad

159 2480 302 2541 ordinem
321 2479 594 2558 supernaturalem
611 2479 750 2541 elevatus
769 2482 826 2540 est.
844 2479 901 2541 Vel
916 2480 1027 2541 saltem
1043 2496 1094 2539 or-

159 2577 230 2636 dine
245 2577 478 2655 supernaturali
491 2577 639 2638 affectum
653 2583 710 2638 est.
889 2573 890 2578 ’

198 2670 281 2744 Quid
318 2671 358 2731 ad
396 2671 465 2732 11111
497 2671 687 2750 Regalistae?
718 2673 835 2733 Eorum
871 2674 977 2734 omnia
1013 2691 1092 2752 argu

158 2773 267 2830 menta
280 2771 445 2828 versantur
464 2767 496 2827 iu
518 2767 596 2828 falso
619 2769 789 2847 supposito.
806 2769 869 2850 Ipsi
893 2770 1093 2831 considerant

157 2863 302 2924 ordinem
316 2862 468 2923 moralem
477 2867 628 2942 tanquam
639 2864 714 2942 quid
725 2865 851 2926 realiter
861 2865 1042 2926 distinctum
1053 2867 1092 2926 ab

158 2959 269 3019 ordine
287 2957 535 3036 supernaturali,
560 2958 743 3038 religionem
762 2964 914 3038 tanquam
934 2959 1008 3038 quid
1030 2959 1094 3019 dis-

157 3055 292 3115 tinotum
306 3055 346 3114 ab
357 3054 494 3130 homine,
507 3054 651 3134 spiritum
661 3059 812 3136 tanquam
825 3054 900 3134 quid
911 3054 1092 3116 distinctum

159 3149 198 3210 ab
213 3148 352 3226 homine,
369 3153 404 3209 ut
423 3149 535 3210 darent
549 3149 766 3210 ecclesiastieae
786 3149 933 3226 potestati
951 3148 1093 3226 plenissi-

160 3261 245 3304 mam
269 3242 491 3304 auotoritatem
513 3243 545 3302 in
568 3245 606 3303 iis
633 3261 703 3322 quae
728 3241 1090 3322 supernaturaliasnnt,

160 3357 229 3418 qnae
244 3340 285 3402 ad
300 3339 486 3418 religionem
500 3344 532 3399 et
545 3338 690 3417 spiritum
704 3339 872 3418 pertinent,
886 3357 980 3418 super
994 3341 1093 3401 homi-

161 3453 215 3496 ues
229 3434 352 3495 nulium
362 3433 414 3514 jus
428 3435 613 3494 tribuerent.

198 3535 316 3596 Verum
331 3531 406 3612 quid
426 3536 473 3594 est
490 3532 593 3611 gratia
611 3531 678 3592 sine
695 3535 808 3594 natura
823 3506 912 3614 eujus
932 3532 1092 3612 objectum

807 3653 808 3656 ,
974 3629 1003 3682 91
