2548 4020
393 275 431 318 on
453 273 582 320 cornero
601 275 684 322 rums
706 275 860 323 acuamur.
1032 266 1089 326 203

157 424 309 485 testantes
324 437 395 481 aum
410 419 570 481 catholicis
585 418 745 482 commixti
758 420 877 493 vivunt,
898 438 956 482 nec
975 422 1090 502 conjux

157 532 305 578 aversum
320 514 416 576 habet
429 513 569 574 animum
582 531 602 573 a
616 513 771 574 catholica
790 513 952 592 religione,
970 519 1001 577 et
1014 516 1089 595 legi-

156 610 215 670 bus
236 608 398 687 provisum
418 607 468 684 sit,
494 625 533 667 ne
557 606 650 668 alicui
674 626 769 669 causa
792 607 951 687 religionis
974 610 1090 690 injuria

155 705 328 778 inferatur,
354 708 385 764 et
398 701 561 765 catholicae
577 703 765 765 aeducationi
785 703 952 766 nasciturae
973 707 1089 768 sobolis

154 799 371 880 provideatur.

195 897 339 958 'landem
352 895 454 975 potius
469 894 695 956 consuetudine
709 913 805 975 quam
814 894 886 975 jure
902 897 1018 976 scripto
1033 899 1089 958 ob-

155 994 259 1069 tinuit,
279 995 312 1053 ut
325 992 427 1053 solum
441 991 641 1053 matrimonia
655 991 794 1052 fidelium
814 1011 886 1053 cum
905 1010 968 1055 uon
988 995 1090 1073 bapti-

155 1089 233 1150 zatis
246 1093 399 1168 tanquam
412 1087 502 1148 irrita
516 1087 730 1162 haberentur3
747 1105 810 1149 nou
825 1090 869 1150 sic
888 1089 1090 1151 matrimonia

154 1184 385 1263 baptizatorum
400 1182 481 1244 inter
495 1201 540 1260 se,
557 1184 613 1245 sed
627 1186 751 1245 tantum
765 1184 882 1261 illicita,
904 1185 929 1245 si
944 1187 1056 1248 tierent
1070 1205 1089 1247 a

155 1279 309 1341 catholico
325 1297 397 1342 cum
411 1279 570 1357 haeretico,
587 1296 650 1341 non
663 1279 763 1360 potita
776 1283 808 1342 et
821 1285 951 1360 accepta
965 1281 1089 1361 diepen-

154 1375 287 1438 satione.
635 1372 638 1378 ’

153 1509 179 1553 G.
192 1508 225 1552 De
236 1508 357 1554 Correltatc
368 1510 390 1552 in
401 1507 482 1552 crimen
493 1507 603 1564 (adulterii
615 1507 648 1552 rel
660 1506 784 1564 conjucidli)
795 1519 844 1552 cum
856 1507 960 1552 relatione
972 1509 999 1552 ad
1010 1520 1088 1552 norum

399 1577 558 1622 matrimonium
570 1577 627 1622 inter
638 1589 661 1621 ee
673 1577 856 1623 contrahendum.

193 1661 331 1724 XXXVI.
348 1661 425 1721 Jure
436 1660 549 1737 ¹veteri,
561 1663 628 1722 tum
638 1678 769 1723 romano
780 1663 848 1726 tum
858 1661 1084 1739 ecclesiastico,

151 1756 356 1819 interdictum
370 1756 494 1818 videtur
508 1757 662 1834 absolute,
679 1775 718 1818 ne
738 1757 820 1820 inter
841 1757 1001 1820 adulteros
1019 1775 1089 1819 ma·
1128 1753 1130 1758 ’

152 1854 336 1915 trimcnium
350 1857 456 1931 posset
468 1853 659 1928 consistere;
677 1854 732 1914 sed
747 1873 828 1916 novo
850 1854 935 1934 jure,
957 1857 1024 1916 tum
1049 1873 1087 1916 ex

152 1953 291 2016 Gratiani
314 1951 573 2032 interpretatione
601 1951 644 2030 (iu
665 1969 695 2031 q.
718 1953 747 2029 l,
774 1971 842 2014 can.
867 1951 930 2030 31),
955 1956 1023 2015 tum
1046 1953 1086 2013 ab

151 2049 333 2111 Innocentio
349 2045 389 2110 ΙΙΙ
405 2048 448 2127 (in
463 2067 533 2126 cap.
550 2064 594 2111 v1.
612 2049 651 2108 de
667 2065 703 2108 eo
719 2048 772 2127 qui
783 2047 893 2126 duxit),
906 2047 1085 2128 hujusmodi

49 2134 52 2141 ’
151 2145 412 2223 impedimentum
425 2144 457 2204 iu
471 2147 623 2224 quantum
635 2143 753 2205 dirimit
763 2143 1008 2221 matrimonium,
1022 2163 1085 2205 res-

150 2242 341 2303 trictumcst
359 2243 400 2302 ad
424 2259 514 2302 cesus
534 2241 567 2302 in
589 2241 702 2320 quibus
723 2239 816 2314 adsit,
839 2240 890 2300 vel
910 2240 989 2301 fides
1011 2241 1086 2302 data

149 2327 233 2400 inter
247 2336 407 2399 adulteros
421 2337 460 2400 de
479 2338 584 2400 futuro
599 2337 811 2414 matrimonio,
835 2335 885 2397 rel
905 2337 945 2397 ah
965 2336 1084 2399 adulta-

150 2433 204 2508 ris,
221 2431 345 2494 vivente
361 2431 494 2512 conjuge
508 2430 686 2507 innocente,
708 2433 895 2494 attentatum
915 2430 955 2492 sit
976 2430 1084 2492 matri·

149 2528 312 2604 monium,
334 2529 384 2588 vel
408 2527 562 2588 adulterio
587 2527 820 2608 conjungantur
842 2527 1031 2607 conspiratio
1053 2535 1085 2587 ct

149 2623 341 2685 machinatio
355 2623 447 2684 unius
461 2623 572 2684 saltem
587 2622 721 2685 adulteri
735 2624 767 2685 in
786 2626 921 2700 mortem
939 2622 1082 2704 conjugis

148 2721 336 2784 innocentis.
356 2719 358 2723 ’

188 2817 247 2878 Hic
261 2820 336 2878 nota
349 2815 539 2878 adulterium
553 2821 584 2878 1ο
594 2817 711 2880 dehere
722 2825 805 2881 esset
819 2839 931 2897 oerum,
948 2837 1012 2881 non
1027 2837 1082 2897 pu-

149 2907 282 2976 tativum
298 2913 454 2994 (videlicet
467 2914 508 2975 sit
525 2914 666 2977 validum
675 2918 920 2992 matrimonium,
933 2934 994 2995 quo
1005 2916 1082 2995 liga-

147 3015 198 3074 tus
213 3016 261 3074 est
275 3011 354 3072 alter
368 3029 407 3072 ex
420 3011 570 3074 adulteris
586 3033 594 3087 ;
612 3031 681 3092 cap.
700 3031 734 3075 11.
753 3013 792 3076 de
807 3031 844 3074 eo
860 3013 963 3093 quid);
980 3017 1011 3072 2⁰
1028 3012 1083 3072 dc-

147 3108 223 3170 bere
251 3123 320 3170 esse
346 3108 471 3187 formale
499 3114 655 3189 uotaque,
685 3109 832 3171 videlieet
866 3127 939 3169 cum
972 3111 1083 3169 mutua

25 3223 26 3274 l
147 3203 279 3265 scientia
291 3204 482 3280 matrimonii
496 3223 558 3285 quo
573 3207 722 3268 alteruter
736 3223 775 3264 ex
788 3204 938 3265 adulteris
958 3203 1082 3283 obliga-

146 3301 197 3359 tus
212 3305 260 3359 est
274 3299 314 3378 (u.
331 3315 354 3377 1,
371 3299 415 3379 7.)
428 3319 435 3374 ;
453 3302 485 3361 3ο
499 3301 615 3363 debera
631 3319 699 3362 csse
713 3307 867 3361 aeteruum
887 3304 918 3360 et
932 3316 1081 3361 consum-

148 3396 381 3476 matum(c.1v,
397 3400 427 3458 5.
445 3398 515 3459 eod.
533 3394 606 3474 tit),
624 3396 759 3458 etfidem
771 3396 878 3457 datam
889 3396 1082 3458 matrimonii

147 3492 318 3570 defuturo,
334 3494 384 3555 vel
398 3496 586 3556 attentatum
599 3492 790 3556 matrimonii
805 3493 844 3554 de
860 3492 1017 3571 presenti.
