2504 4024
380 293 419 338 nn
442 291 569 340 omnem
588 293 670 340 roms
693 292 847 342 ceuouror.
1019 284 1078 344 Ita

145 459 164 501 a
178 424 307 518 publica
321 436 506 498 auctoritate
520 454 578 515 pro
592 440 721 500 externo
743 437 901 502 societatis
920 439 1031 502 ordIne
1046 445 1078 503 et

105 553 110 562 ·
144 537 312 596 honestate
326 532 494 593 moderari.

186 631 266 692 VIII.
284 631 325 688 At
338 628 451 689 Christi
464 627 578 706 gratia,
588 628 622 688 in
631 627 815 706 ampliorem
830 629 1011 692 societatem
1025 650 1078 694 ae-

145 725 201 786 oiti
213 741 332 799 sumus,
348 723 520 784 Ecclesiam
535 722 616 784 dice.
640 725 782 804 Namque
802 723 873 784 finis
895 725 966 784 huic
981 727 1077 788 socie·

143 821 203 884 tati
215 819 395 899 propositus
402 822 449 881 cst
457 819 526 880 linIs
537 819 784 896 supernaturalis
798 822 829 880 et
843 823 968 881 atarneo
979 821 1078 883 heati-

145 913 275 990 tudinis,
288 912 341 992 qui
355 913 426 973 finis
440 929 512 973 eum
523 913 663 978 omnium
674 912 837 974 hominum
847 914 897 991 eit,
910 914 942 974 in
953 915 1077 976 unirer·

146 1027 217 1071 sum
237 1010 411 1069 humanum
429 1026 546 1088 genus,
568 1009 636 1070 haec
655 1009 786 1070 sociatae
804 1010 1012 1088 protenditur.
1036 1013 1079 1073 Ut

146 1102 1074 1182 hunctinemassequcrenturquoedampositivaeuctorites‚

147 1199 188 1260 ab
201 1200 269 1278 ipso
285 1197 409 1259 Christo
422 1196 602 1258 immediate
617 1197 694 1257 etin
708 1203 855 1261 concreto
869 1202 916 1261 eet
936 1200 1078 1263 instituta

147 1297 320 1356 autonoma
333 1295 365 1354 et
378 1290 604 1371 independens,
622 1292 712 1371 eique
726 1294 887 1371 provincie
899 1295 1078 1374 plenissima

147 1390 231 1451 facta
245 1392 303 1464 est,
326 1392 362 1449 ut
381 1387 521 1448 divinam
542 1388 656 1468 legem,
680 1405 744 1466 qua
763 1387 848 1464 tldei,
871 1407 935 1468 qua
954 1407 1078 1450 morum

148 1468 293 1543 homines
307 1480 445 1558 doceret,
462 1480 666 1554 sacramentis
680 1480 835 1559 collapsae
853 1487 973 1544 naturae
995 1482 1077 1542 vires

147 1580 361 1647 restauraret,
390 1576 600 1638 sanctificaret
626 1576 786 1653 homines,
812 1580 844 1638 et
867 1577 979 1639 diuinae
1000 1578 1078 1656 legis

148 1675 308 1751 praecepta
326 1686 383 1747 pro
408 1672 559 1730 statutum
581 1669 732 1730 varietate
756 1669 965 1748 adimplendae
986 1688 1078 1749 pares

150 1766 298 1841 efficeret,
317 1769 348 1825 et
362 1765 511 1843 appositis
524 1764 648 1844 legibus
657 1765 866 1845 prospiceret,
882 1771 917 1827 ut
935 1767 1078 1827 homines

150 1865 346 1924 sacramenta
360 1861 564 1938 susciperent,
581 1860 778 1923 honestatem
792 1866 992 1923 servarent...
1010 1865 1077 1924 Uno

150 1957 244 2018 uerbo
274 1958 311 2016 ut
336 1973 441 2016 mores
467 1956 631 2018 homInum
654 1958 827 2020 contineret
849 1957 882 2018 in
904 1957 1013 2020 ardiae
1038 1956 1078 2018 ed

150 2051 244 2112 tinem
258 2050 541 2130 supernaturalem.

188 2150 255 2209 Hac
282 2147 384 2224 pesile
410 2146 622 2222 institutione,
652 2148 887 2209 matrimonium
910 2147 1079 2227 acquisivit

65 2225 72 2242 ⁰
150 2242 321 2322 quemdam
334 2242 530 2318 relationem,
554 2261 593 2302 er
609 2245 675 2304 toto
695 2241 865 2319 proprIam‚
886 2242 1078 2302 exclusivam

151 2337 396 2417 quodammodo,
412 2341 445 2398 et
457 2337 649 2417 singularem
663 2355 735 2398 cum
749 2336 809 2397 hec
829 2336 988 2397 socictate.
1012 2339 1079 2396 Hoc

150 2451 236 2510 vero,
257 2433 324 2493 sive
345 2436 499 2511 quatenus
520 2434 562 2494 ad
583 2451 684 2494 mores
703 2433 888 2496 relationem
907 2431 992 2506 dicit,
1013 2430 1079 2492 slve

151 2534 306 2608 quatenus
327 2532 559 2591 sacramentum
580 2535 637 2589 est.
662 2531 741 2589 Nem
758 2527 838 2608 juris
862 2527 991 2589 moralis
1016 2543 1079 2586 non

151 2625 264 2702 exigua
277 2641 351 2702 pars
364 2627 411 2686 est
421 2623 474 2704 jus
488 2623 729 2699 matrimoniale,
746 2625 808 2686 non
823 2625 937 2704 exigua
947 2642 1020 2702 pars
1032 2626 1079 2684 est

149 2717 227 2796 legis
242 2717 380 2778 moralis.
397 2718 480 2796 llrgo
494 2717 643 2794 Ecclesia,
660 2716 725 2780 sive
745 2723 900 2798 quatenus
919 2718 1088 2780 moralita-v

151 2813 189 2872 Ile
202 2816 252 2873 eet
265 2811 416 2891 magistra
435 2811 616 2889 infallibilis,
633 2813 697 2874 eive
718 2817 872 2893 quatenus
887 2818 935 2878 est
954 2814 1080 2892 sapien-

151 2905 271 2968 tissima
297 2925 421 2968 morum
447 2908 670 2988 gubernatrix,
695 2908 748 2988 jus
776 2909 873 2971 hebet
906 2907 1078 2969 definiendi

153 3003 354 3081 quandonam
381 3005 616 3066 matrimonium
645 3006 787 3068 contrahi
810 3003 926 3082 possit,
950 3003 1077 3082 quando

154 3117 213 3160 non
228 3100 337 3177 possit,
358 3103 390 3162 et
407 3101 557 3179 appositis
576 3099 710 3180 legibus,
735 3118 847 3162 cavere
872 3101 907 3160 ut
928 3097 998 3172 rite,
1023 3097 1079 3158 ho·

154 3199 237 3256 ueste
253 3196 468 3256 contrahatur.

191 3292 259 3362 Qua
273 3293 362 3368 parte
377 3308 451 3352 vero
466 3291 698 3377 sacramentum
708 3295 755 3350 est
764 3286 1010 3365 matrimonium,
1022 3307 1078 3350 seu

155 3380 302 3442 naturalis
316 3381 506 3443 matrimonii
521 3383 698 3441 connectes
712 3382 753 3441 ed
774 3382 962 3443 sacramenti
985 3387 1077 3442 natu·

155 3491 220 3534 ram
234 3478 374 3538 elevatus
389 3483 446 3552 est,
462 3477 559 3563 talem
573 3476 727 3536 contraxit
741 3477 969 3553 habitudinem,
986 3483 1018 3538 et
1032 3494 1083 3536 re·
1121 3516 1126 3530 .
