2476 4022
189 251 228 308 74
396 256 622 304 rusmrumosss
642 253 725 302 Jllllls
747 253 901 302 canotum.

81 419 84 428 ’
189 405 300 466 nietate
327 400 514 476 declaretur,
539 397 594 458 sed
621 414 730 459 reram
758 401 790 462 et
815 397 1030 474 intrinsecam,
1058 416 1125 478 qua

187 502 334 579 peccator
348 513 419 558 cum
433 499 497 556 Deo
511 493 740 555 reconcilietur.
753 494 828 556 lam
837 511 912 556 vero
924 493 1042 572 placuit
1054 495 1122 556 Deo

187 609 303 652 novam
321 590 403 651 hano
416 593 488 668 post
504 587 662 666 baptisma
678 587 934 666 justificationem
952 587 990 648 iis
1009 605 1123 650 conce·

188 686 263 747 dere
278 685 331 767 qui
344 684 508 746 laboriosis
521 682 669 763 operibus
683 682 832 762 punirent
843 681 877 742 in
890 700 925 743 se
939 682 1024 763 quod
1045 701 1124 762 pec-

188 781 289 842 cando
309 780 518 858 deliquerunt,
535 783 566 841 et
579 777 624 839 sic
637 777 739 858 gratia
753 779 810 838 Dei
823 778 987 856 preventi,
1005 777 1122 839 divinee

185 877 313 956 justitiae
328 874 552 950 satisfacerent,
568 891 627 934 nec
639 875 684 936 ita
696 877 828 954 peccata
841 873 1008 949 dimittere,
1021 877 1057 934 ut
1070 892 1123 934 re-

189 968 285 1028 misse
305 965 399 1044 eulpa
420 966 568 1026 universa
591 966 686 1027 etiam
706 983 802 1044 poena
822 965 1041 1042 dimitteretur,
1064 967 1121 1026 sed

188 1061 294 1140 aliqua
312 1077 416 1140 pcenae
437 1060 618 1139 temporalis
639 1060 824 1142 plerumque
846 1061 997 1123 solvenda
1018 1078 1121 1121 rema-

188 1162 277 1218 neret
290 1174 360 1237 quae
375 1156 499 1219 nonnisi
512 1157 634 1234 magnis
648 1157 773 1219 fletibus
787 1159 819 1218 et
831 1157 991 1218 laboribus
1005 1157 1122 1219 redimi

188 1254 302 1330 posset.

226 1347 304 1410 Inde
318 1352 366 1411 est
379 1348 559 1427 quodlicet
572 1348 753 1430 hujusmodi
763 1348 917 1430 judicium
930 1366 994 1410 non
1007 1348 1050 1409 ad
1062 1367 1122 1430 pu-

189 1443 349 1520 nitionem,
366 1443 422 1505 sed
440 1444 669 1506 absolutionem
686 1445 733 1506 rei
750 1444 927 1506 institutum
945 1445 995 1522 sit,
1010 1448 1120 1506 tamen

188 1539 219 1597 et
231 1537 264 1596 in
279 1553 316 1598 eo
331 1553 433 1614 poenae
446 1537 630 1618 infliguntur
639 1541 671 1606 at
685 1555 704 1597 a
718 1553 771 1598 reo
787 1537 903 1599 debent
916 1537 1064 1598 sustineri
1078 1535 1119 1598 ad

186 1629 356 1690 vindictam
370 1630 518 1706 criminis,
535 1634 570 1692 nt
583 1630 697 1693 divinae
708 1629 838 1710 justitiae
854 1630 995 1693 satisfiat.

227 1724 344 1784 Verum
364 1722 546 1803 hujusmodi
565 1741 668 1804 poenae
686 1723 906 1786 diversissimae
927 1724 1059 1786 suntab
1080 1725 1120 1786 iis

186 1835 257 1897 quae
271 1818 304 1880 in
318 1819 439 1880 ceteris
449 1819 576 1901 judiciis
590 1820 803 1883 criminalibus
818 1825 1025 1902 usurpantur:
1042 1838 1120 1882 nam

185 1911 246 1974 illae
260 1913 426 1976 iubenum
439 1916 470 1975 et
483 1913 659 1994 profectum
676 1915 774 1994 ipsius
792 1916 839 1977 rei
857 1914 1035 1994 diriguntur
1053 1916 1121 1994 pri-

185 2010 296 2084 mario,
313 2008 362 2070 hae
382 2007 416 2071 in
435 2010 555 2072 bonum
573 2011 730 2074 societatis
747 2030 754 2073 ε
776 2011 860 2072 unde
875 2011 935 2072 illae
950 2014 1061 2092 sponte
1077 2011 1118 2073 ab

184 2102 260 2183 ipsis
274 2104 337 2165 reis
351 2105 567 2185 exquiruntur,
585 2106 634 2169 hae
647 2107 681 2167 in
694 2106 808 2168 inritos
825 2105 1030 2186 infliguntur3
1049 2105 1118 2168 istae

184 2198 369 2280 plerumque
394 2200 512 2262 nullam
535 2203 581 2264 rei
604 2201 857 2264 emendationem
878 2201 1030 2278 obtinent,
1054 2201 1118 2262 illae
1232 2250 1233 2258 ,

185 2291 226 2352 ad
240 2291 323 2354 hanc
336 2294 588 2356 emendationem
602 2293 834 2358 institutarum
846 2312 853 2354 :
865 2293 1036 2371 utergoab
1051 2292 1119 2354 istis

185 2388 463 2469 distinguerentur,
493 2389 643 2469 singulari
667 2389 792 2450 nomine
817 2389 998 2470 penitentie
1025 2388 1117 2472 dictae

184 2487 266 2560 sunt,
288 2487 320 2544 et
336 2488 466 2562 possunt
485 2485 547 2546 dici
567 2505 574 2545 ε
595 2484 694 2546 Pana
712 2483 883 2562 temporales
898 2483 1045 2562 peccatori
1061 2482 1117 2542 do-

184 2572 254 2630 lenti
272 2578 302 2631 et
321 2573 447 2651 confesso
466 2573 591 2634 claviam
606 2581 749 2654 potestate
766 2575 907 2646 injuncta
926 2571 966 2634 ad
984 2591 1118 2654 compen·

183 2664 306 2724 sardare
325 2665 468 2743 injuriam
489 2667 549 2728 Dec
569 2669 766 2748 propeccatis
787 2668 912 2746 illatam,
934 2676 962 2728 et
981 2667 1022 2728 ad
1039 2666 1117 2728 redi·

183 2757 319 2818 mendam
335 2778 452 2838 precam
467 2762 632 2840 praviorem
650 2761 756 2824 eisdem
773 2765 895 2842 peccatis
912 2762 1114 2842 promeritam.

224 2853 374 2934 Odjeetam
389 2856 502 2916 harum
515 2875 681 2937 poenarnm
694 2859 808 2938 triplex
826 2859 1024 2938 potissimum
1037 2859 1118 2919 assi-

182 2951 273 3031 gnari
299 2949 388 3029 solet,
413 2952 560 3017 videlicet
586 2957 689 3031 oratio,
715 2955 901 3035 eleemosyna,
929 2954 1079 3034 jejunium
1103 2973 1115 3013 .·

182 3065 257 3106 nam
275 3045 343 3108 haec
361 3065 452 3108 omne
473 3039 572 3129 genus
591 3048 810 3113 satisfactionis
830 3048 1113 3131 comprehendunt.

182 3144 288 3206 Oratio
304 3143 388 3205 enim
402 3145 641 3224 comprehendit
655 3145 807 3226 quidquid
826 3146 867 3207 ad
888 3145 1029 3206 divinum
1051 3143 1115 3205 cul·

180 3238 248 3298 tum
263 3241 294 3297 et
307 3228 405 3300 divini
420 3240 547 3301 honoris
561 3243 776 3320 augmentum,
787 3241 934 3319 pertinet,
948 3258 1004 3300 seu
1018 3256 1114 3300 omne

180 3348 279 3411 genus
298 3334 457 3410 orationis,
480 3354 593 3415 nempe
612 3335 774 3416 quodlibet
792 3354 870 3416 opus
889 3335 974 3417 quod
994 3334 1114 3397 directe

179 3427 323 3504 dirigitur
336 3428 377 3487 ad
392 3432 501 3493 Deum.
518 3433 567 3494 Ad
577 3432 733 3512 jejunium
744 3433 902 3511 pertinent
916 3449 1027 3493 omnes
1042 3447 1113 3492 car·
1229 3519 1230 3524 η
