2504 4024
365 287 405 330 oa
426 285 555 332 osrncro
575 287 658 333 rums
681 287 837 334 carorrcr.
1011 279 1063 336 llll

137 450 230 494 unum
252 432 294 492 de
316 433 438 508 septem
460 447 548 494 novae
568 430 647 510 legis
667 433 882 509 sacramentis,
899 433 1066 497 definiente

135 526 329 588 Tridentino·

172 622 218 680 Ex
233 621 294 682 hac
310 619 490 680 definitione
506 624 615 698 patet:
637 637 699 681 noo
719 620 805 680 eliud
824 637 892 680 esse
910 623 1066 684 matrimo-

136 719 232 794 nium,
244 720 278 778 et
291 716 377 777 aliud
392 720 635 792 sacramentum,
648 715 703 776 sed
717 717 821 794 ipsum
835 717 1066 780 matrimonium

135 832 200 875 esse
215 815 468 886 sacramentum;
492 811 542 874 vel
561 812 629 873 haec
647 813 726 874 ratio
741 813 929 874 sacramenti
943 814 982 875 sit
995 832 1067 876 con-

135 910 249 970 tractui
271 909 333 988 ipsi
353 908 476 970 adnexa
499 908 570 970 ideo
596 908 671 988 quia
688 909 770 969 inter
793 909 965 970 catholicos
986 911 1069 970 celc-

134 1006 280 1067 braretur
293 1004 539 1090 matrimonium,
556 1005 606 1066 vel
622 1004 695 1084 quia
714 1005 892 1066 celebratur
909 1006 972 1068 ritu
987 1025 1067 1086 quo-

136 1101 208 1161 dam
232 1118 344 1176 sacro,
373 1101 423 1161 vel
447 1100 487 1162 slt
506 1100 549 1160 de
577 1100 659 1162 lacto
683 1106 915 1164 sacramentum
943 1121 1068 1182 semper

135 1193 238 1271 prouti
249 1193 345 1254 dehet
355 1211 423 1254 esse
434 1192 473 1252 de
485 1192 569 1272 jure,
585 1193 821 1273 parumrefert;
833 1197 1067 1259 matrimonium

135 1291 438 1350 estsaoramentum.

174 1385 238 1448 Sed
252 1385 333 1446 ratio
348 1383 538 1446 sacramenti
553 1385 585 1445 in
600 1401 637 1445 ao
653 1385 713 1445 sita
729 1389 786 1459 est,
804 1391 839 1445 ut
856 1403 906 1446 res
925 1392 1065 1464 externa,

135 1501 189 1543 seu
208 1483 336 1562 signum
355 1481 487 1556 visibile,
504 1499 543 1541 ex
557 1479 672 1542 Christi
685 1480 890 1558 institutione,
907 1485 939 1543 et
952 1481 1067 1560 signifi-

135 1582 183 1639 cet
204 1581 236 1638 ct
257 1577 527 1657 efficiat'gratiam
548 1575 704 1639 internam
726 1583 757 1638 et
776 1577 976 1639 invisibilem.
997 1580 1068 1639 Jam

135 1693 209 1734 vero
233 1673 469 1736 matrimonium
492 1674 617 1753 signum
640 1676 687 1735 cst
709 1673 833 1735 unionis
856 1674 971 1736 Christi
994 1693 1066 1736 cum

133 1770 286 1846 Ecclesia,
315 1773 348 1832 et
374 1771 500 1848 signum
528 1774 575 1831 est
602 1769 711 1849 gratiae
740 1789 809 1850 quae
838 1771 998 1833 confertur
1026 1772 1066 1832 ad

133 1867 288 1928 uniendos
316 1865 488 1946 conjugum
515 1867 648 1942 animos,
678 1866 810 1945 proinde
839 1884 909 1928 eam
933 1868 1064 1931 confert.

134 1967 201 2027 Uno
224 1964 321 2026 verbo
344 1967 391 2025 est
411 1965 547 2043 signum,
570 1963 692 2026 ratione
713 1967 904 2041 conmeatus,
929 1965 1064 2042 unionis,

132 2061 269 2136 vinculi,
299 2059 538 2140 conjunctionis.
569 2057 651 2138 Ergo
682 2060 918 2122 matrimonium
945 2062 1066 2124 ratione

132 2157 250 2218 vinculi
264 2160 299 2219 et·
310 2159 488 2218 contractus
504 2159 550 2216 est
563 2159 809 2218 sacramentum.

171 2254 236 2316 Sed
251 2252 416 2333 quidquid,
428 2252 512 2332 quod
527 2251 568 2312 ad
583 2255 853 2314 sacramentorum
862 2251 1003 2314 valorem
1016 2255 1067 2314 vel

132 2348 436 2411 administrationem
451 2347 609 2426 respiciat,
622 2345 734 2407 acivili
745 2349 899 2425 potestate
911 2346 1067 2408 substrac-

132 2449 199 2506 tum
222 2444 274 2520 sit,
300 2443 445 2522 potestati
468 2442 687 2505 ecclesiasticae
711 2443 898 2521 relinquitur
918 2442 1067 2503 delinien-

130 2542 216 2602 dum.
234 2541 317 2620 Ergo
334 2538 487 2619 quidquid
502 2540 648 2618 estquod
664 2539 824 2600 vinculum
837 2538 1066 2602 matrimoniale

131 2638 179 2698 vel
195 2640 404 2712 contractum,
421 2635 472 2696 vel
487 2636 738 2697 contrahendum
753 2636 911 2714 respiciat,
931 2636 1066 2717 juraque

131 2736 161 2795 et
174 2732 383 2811 obligationes
397 2731 471 2791 inde
486 2737 556 2792 orta
569 2731 609 2792 ad
625 2732 772 2794 Ecclesiae
784 2733 951 2813 judicium,
968 2733 1018 2794 vel
1033 2739 1068 2793 ut

132 2828 288 2908 dogmatis
303 2827 465 2907 magistra,
478 2827 528 2887 vel
543 2833 578 2887 ut
587 2827 759 2906 disciplinae
773 2830 966 2893 moderatrix
979 2847 1065 2910 spec·

132 2924 221 2986 tabit.

170 3024 261 3082 Hanc
276 3024 383 3081 autem
402 3022 590 3098 potestatam
610 3037 674 3081 non
695 3021 791 3084 hahet
809 3019 983 3099 aprincipe
995 3037 1068 3080 mu-

132 3118 264 3192 tuatam,
281 3114 336 3175 sed
355 3115 509 3195 propriam
532 3124 560 3176 et
578 3104 720 3177 ¹caticum.
740 3117 788 3176 lta
809 3115 904 3176 etiam
925 3109 1068 3194 sequitur

120 3227 170 3269 ex
182 3207 279 3289 primo
293 3207 388 3288 cupite
400 3207 434 3268 de
447 3209 636 3269 matrimonio
651 3209 680 3268 in
694 3229 747 3270 suo
760 3208 880 3270 essentia
895 3207 1010 3269 morali.

171 3304 412 3366 Conclusionem
444 3304 522 3368 vidit
558 3306 704 3368 Calvinus
746 3305 810 3385 (lib.
847 3307 905 3382 IV,
945 3306 1063 3384 instit,

134 3417 160 3460 c.
176 3417 239 3478 xm,
258 3400 354 3481 §dih
371 3401 426 3462 uhi
438 3402 536 3462 semel
555 3401 719 3462 obtinuere
741 3401 886 3464 catholici
906 3405 1068 3466 matrimo-

136 3495 220 3557 nium
242 3515 311 3560 csae
332 3503 576 3576 sacramentum,
593 3496 807 3578 conjugalium
828 3517 995 3562 causarum
1017 3517 1067 3560 cc-
