2504 4024
197 245 255 306 llo
403 218 632 301 1nsr1rur1onns
653 255 734 301 ronrs
756 253 912 302 onnonrcn

187 470 190 476 ¹
234 401 349 460 Contra
362 398 498 459 minores
513 396 637 458 ordines
653 396 794 476 qualibet
815 397 865 458 die
883 397 962 460 festo
981 398 1023 458 de
1042 415 1128 478 pree·
1231 433 1232 492 3

194 496 295 571 cepto,
310 493 405 554 etiam
419 497 507 555 extra
520 492 658 570 missam,
676 492 733 554 sed
747 496 820 555 ante
834 491 1000 554 meridiem
1020 495 1127 555 eonfe-

124 604 127 608 ·
194 591 317 651 runtur.

234 683 342 756 Quoad
358 683 450 744 locum
466 703 473 744 ε
491 683 604 764 dignus
619 683 814 746 ordinatione
827 684 915 744 locus
927 687 974 746 est
982 684 1127 746 Ecclesia

193 779 390 841 cathedralis.
404 783 470 841 Hoc
483 786 589 842 autem
603 779 800 868 potissimum
812 779 845 840 in
860 779 1027 842 collatione
1039 781 1125 842 ordi·

193 894 269 938 num
282 873 437 954 majorum
451 874 646 936 observatur.

385 1042 424 1087 iv.
439 1051 578 1088 neroniana
592 1053 621 1086 rr
636 1053 733 1090 osricus
747 1053 925 1088 cariniroaurr.

231 1161 311 1224 Xlll.
329 1160 412 1222 Ordo
426 1177 517 1222 sacer
525 1178 622 1222 unum
632 1179 669 1222 ex
679 1161 728 1222 his
737 1161 837 1224 tribus
847 1161 1050 1223 sacramentis
1060 1166 1120 1241 est,

191 1274 261 1335 qnae
289 1254 503 1318 characterem
523 1256 717 1334 imprimunt.
743 1256 913 1318 Gharaoter
936 1259 1043 1317 autem
1067 1257 1122 1336 qui

189 1351 264 1412 huie
278 1354 474 1413 sacramento
488 1351 658 1429 respondet
672 1355 718 1414 est
738 1352 862 1431 signnm
881 1350 1009 1430 aliquod
1028 1348 1122 1429 spiri-

189 1445 273 1507 tuale
295 1447 328 1505 in
351 1447 455 1506 animo
477 1447 676 1523 impressum,
700 1445 813 1507 saltem
835 1462 892 1524 per
914 1449 1014 1506 totam
1037 1445 1120 1504 hanc

189 1540 287 1602 vitam
306 1557 505 1619 permanens,
529 1559 591 1620 quo
613 1542 707 1602 homo
730 1542 762 1601 in
783 1539 884 1620 gradu
904 1541 1121 1601 ministrorum

189 1633 335 1694 Ecclesia
355 1633 536 1695 collocatur.
556 1634 596 1695 Et
611 1633 685 1694 licet
702 1649 766 1693 non
785 1650 892 1694 omnes
912 1631 1038 1694 ordines
1057 1632 1121 1693 sint

188 1732 395 1802 sacramenta,
412 1728 522 1789 saltem
537 1727 580 1788 nil
595 1729 634 1788 de
654 1728 716 1789 tide
736 1728 840 1808 quoad
858 1729 965 1806 plnres
983 1728 1023 1788 sit
1041 1726 1120 1788 defi-

188 1822 299 1898 nitum,
314 1827 420 1882 tamen
435 1822 475 1883 ob
489 1821 668 1902 analogiam
683 1824 724 1884 ad
734 1823 786 1903 jus
796 1803 947 1885 'divinum
965 1823 1006 1884 ad
1027 1823 1119 1904 cnjus

186 1917 394 1979 imitationem
421 1918 560 1978 Ecclesia
581 1918 745 1979 inferiores
761 1919 893 1979 ordines
916 1919 1065 1980 discrevit
1088 1922 1120 1980 ct

186 2013 329 2090 instituit,
354 2015 472 2092 placuit
493 2014 596 2075 eidem
616 2014 763 2076 Ecclesia
784 2015 825 2076 ed
849 2015 994 2076 eamdem
1016 2015 1119 2076 imita·

185 2106 304 2168 tionem
317 2109 400 2170 hanc
418 2112 537 2188 notam,
558 2111 642 2171 hunc
661 2110 820 2173 internum
839 2114 954 2172 statum
973 2109 1119 2170 conside-

184 2222 267 2282 rare,
283 2206 328 2267 ita
341 2209 376 2268 ut
388 2207 503 2268 iterare
517 2225 581 2268 non
595 2206 765 2285 permittat.
784 2205 873 2277 Quod
888 2209 994 2267 autem
1012 2223 1046 2266 se
1065 2221 1117 2265 res

183 2300 229 2362 ita
242 2300 368 2378 habeat,
385 2306 471 2380 patet
485 2302 627 2380 exemplo
643 2301 752 2379 primae
767 2305 915 2362 tonsurae.
937 2300 1053 2379 Ecquis
1067 2300 1117 2360 in-

184 2397 268 2457 ficiat
282 2396 325 2456 ibi
340 2397 422 2456 hano
435 2415 504 2458 esse
519 2397 558 2458 de
572 2413 661 2457 mera
674 2396 868 2465 institutione
883 2394 1116 2456 ecclesiastica?

183 2491 289 2569 ecquis
304 2494 393 2568 putet
407 2509 475 2552 esee
490 2494 722 2552 sacramentum
736 2491 842 2553 stricto
861 2490 976 2552 sensu?
994 2493 1115 2550 'lamen

183 2585 223 2645 ob
237 2585 422 2646 relationem
443 2604 538 2664 quam
556 2587 652 2648 habet
669 2588 711 2647 ad
729 2593 962 2650 sacramentnm
980 2585 1111 2662 ordinis,

181 2697 252 2740 eam
264 2679 378 2750 iterare
392 2698 455 2742 non
469 2682 554 2742 sinit.
570 2682 604 2744 Si
619 2681 689 2762 quis
699 2683 830 2746 clericus
839 2682 972 2762 simplici
981 2686 1114 2744 tonsura

179 2775 318 2837 initiatus
346 2775 482 2838 clericali
509 2777 605 2844 statui
631 2778 776 2840 nuntium
799 2778 928 2854 miserit,
954 2777 980 2838 si
1002 2783 1112 2842 tamen

179 2872 254 2934 fecti
286 2873 441 2951 poenitens
467 2874 583 2935 iterum
608 2875 641 2935 in
669 2875 789 2936 clerum
816 2874 1018 2950 admittatur,
1048 2890 1111 2934 non

178 2969 292 3031 iterum
305 2971 512 3050 inauguratur
529 2971 592 3032 ritu
610 2970 719 3050 prima
737 2977 887 3046 tonsurae,
908 2969 963 3030 sed
983 2969 1075 3048 qnasi
1094 2987 1111 3030 c

179 3065 368 3141 postliminio
382 3082 538 3142 reversus,
556 3083 618 3126 non
632 3069 698 3126 tam
708 3083 807 3126 novus
817 3064 1109 3126 clericuscensetur

178 3176 274 3237 quam
286 3164 426 3223 veterem
440 3161 622 3224 clericatum
636 3179 699 3222 non
713 3160 866 3239 amisisse.
962 3185 965 3192 ⁴

216 3257 290 3316 Haec
304 3275 401 3336 quum
414 3258 458 3320 ita
477 3259 549 3336 sint,
573 3275 671 3338 quum
691 3255 831 3318 Ecclesia
851 3253 962 3316 credat
981 3273 1039 3334 per
1058 3273 1109 3318 or·

176 3349 285 3410 diuum
303 3353 501 3414 collationem
520 3354 605 3414 nesci
625 3353 795 3433 quemdam
812 3351 972 3410 internum
992 3353 1129 3416 statum

172 3448 340 3518 per-totam
355 3445 435 3506 hanc
445 3447 557 3507 saltem
566 3447 663 3509 vitam
672 3447 922 3526 permanentem,
936 3462 1001 3524 qna
1010 3444 1108 3506 homo
