2476 4022
158 300 197 358 82
365 303 590 351 rusrrrurrouus
610 303 692 350 runis
715 303 869 354 csuomor.

158 451 301 516 vehendo
316 447 498 512 exercitium
512 446 645 514 aliorum
659 445 783 525 piorum
794 464 937 526 operum,
949 465 1089 528 quorum

158 547 247 628 praxi
279 548 368 608 tauta
400 560 496 622 poena
528 559 635 604 coram
669 544 734 603 Deo
761 543 940 606 remittatur
965 549 1088 623 quanta

157 642 369 704 remitteretur
381 657 438 719 per
451 641 498 701 tot
511 655 621 715 annos,
638 636 716 714 dies,
733 640 808 714 eta,
825 639 1016 717 poeuitentiae
1031 655 1089 700 oa-

158 755 289 800 nonreae.

195 836 243 896 Ite
256 830 396 894 Ecclesia
409 831 461 909 pia
475 832 577 891 mater
589 847 623 888 se
638 830 749 908 aptans
764 827 864 890 aetalis
879 827 1085 894 circumstan-

97 1001 100 1008 .
156 930 207 992 tiis
221 922 349 990 infinitis
360 931 392 987 et
405 922 647 987 multiformibus
657 923 781 1002 pietatis
791 923 950 1002 operibus,
961 925 995 986 id
1005 924 1087 988 obti-

156 1028 210 1087 net
224 1023 308 1104 quod
322 1039 385 1083 non
399 1020 556 1081 obtineret
569 1021 688 1080 terrore
698 1019 877 1098 systematis
890 1019 1086 1098 poeuiteutiae

156 1119 313 1186 canonieae
331 1135 338 1178 ε
356 1117 428 1178 iude
442 1114 549 1177 videre
564 1119 612 1176 est
628 1115 713 1200 quod
732 1113 895 1177 deficiente
913 1118 1085 1193 systemate

154 1210 207 1272 illo
218 1209 423 1271 exordiuntur
432 1208 702 1270 confraternitates
715 1208 877 1286 laieorum,
890 1227 963 1271 cum
973 1209 1084 1274 habitu

155 1305 360 1387 poenitentiali
384 1323 441 1387 pro
463 1304 610 1385 operibus
631 1305 756 1383 pietatis
775 1304 924 1368 institutis
947 1326 954 1368 :
976 1306 1083 1385 praxis

156 1403 287 1480 Rosarii,
309 1401 528 1464 exercitiorum
551 1400 770 1479 spiritualium,
795 1419 869 1462 usus
887 1400 1084 1481 frequentior

155 1502 187 1560 et
208 1498 431 1576 multiplicatus
454 1496 542 1559 verbi
568 1497 635 1573 Dei,
664 1495 907 1575 supplicationes
934 1496 1080 1576 publice,

154 1592 362 1671 expositiones
381 1591 486 1653 Sancti
506 1591 710 1668 Sacrumeuti,
727 1609 849 1654 menses
863 1591 945 1654 sacri
966 1598 997 1654 et
1017 1593 1084 1654 lla·

154 1686 208 1748 rice
229 1686 349 1766 Virgini
371 1689 402 1748 et
421 1687 558 1767 Josepho
581 1687 649 1767 ejus
669 1703 784 1766 sponso
806 1690 838 1749 et
857 1688 966 1749 saneto
987 1687 1082 1750 (lordi

153 1783 229 1844 Jesu
243 1787 275 1843 et
288 1781 454 1844 animabus
467 1782 712 1862 purgantibus...
1095 1776 1099 1782 ’

192 1880 209 1941 J
212 1879 377 1941 ausenistae
391 1881 536 1956 optarent
549 1879 711 1959 antiquam
731 1869 928 1958 disciplinam
941 1878 973 1940 in
988 1895 1082 1941 oona

151 1978 245 2054 pactu
259 1973 440 2053 hujusmodi
456 1973 676 2036 exercitiorum
691 1973 806 2054 quibus
826 1974 960 2035 creduut
979 1973 1081 2035 immi·

153 2075 264 2130 nutum
277 2068 421 2147 spiritum
434 2069 599 2142 Ecclesiae;
615 2071 824 2148 protestantes
838 2069 907 2131 haeo
920 2068 1053 2130 irrident
1070 2089 1077 2131 :

152 2165 256 2226 neutri
265 2164 372 2228 vident
382 2164 527 2225 eumdem
538 2183 606 2226 esse
615 2166 710 2225 finem
721 2169 753 2224 et
763 2157 908 2244 spiritum
917 2164 1078 2240 Ecclesia,

151 2260 253 2322 aetatis
266 2260 412 2324 varietati
431 2260 659 2324 coordinatum.

190 2358 256 2422 vll.
272 2358 317 2438 Er
332 2359 443 2420 eadem
457 2356 607 2418 verietate
618 2354 790 2434 disciplina
804 2357 835 2417 et
848 2355 908 2418 hoc
921 2353 1075 2436 sequitur,

150 2454 234 2534 quod
254 2453 379 2532 quando
400 2452 485 2516 stetit
504 2452 691 2533 poenitentia
704 2452 865 2528 canonice,
881 2469 1010 2532 poenam
1025 2469 1080 2513 oo·

148 2567 217 2611 ram
244 2551 308 2610 Deo
330 2548 469 2611 debitam
491 2548 643 2611 indirecte
666 2548 786 2611 remisit
807 2547 948 2611 Ecclesia
970 2548 1080 2610 remit-

148 2644 243 2706 tendo
257 2661 367 2722 poenas
381 2660 401 2704 a
415 2642 577 2712 sacerdote
596 2645 647 2706 vel
665 2662 685 2705 a
701 2644 773 2724 jure
794 2644 951 2724 injunctas
971 2663 978 2706 :
995 2646 1078 2724 post·

149 2758 244 2820 quem
271 2739 384 2802 cecidit
415 2739 599 2818 poenitentia
630 2741 802 2818 canonica,
835 2741 1017 2803 immediate
1046 2744 1079 2803 et

148 2836 265 2898 directe
279 2851 389 2916 poenas
402 2834 520 2896 laxavit
532 2834 565 2896 iu
576 2835 635 2897 hoc
644 2835 694 2897 vel
707 2836 741 2896 iu
755 2836 859 2899 futuro
871 2853 943 2901 saec.
956 2836 1077 2900 obeun-

148 2930 214 2992 das.
232 2932 307 2992 lude
322 2930 525 3010 consequitur
539 2933 635 3011 quod.

187 3029 217 3088 l⁰
232 3024 436 3109 Indulgentiae
458 3027 635 3110 aliquando
648 3027 857 3090 versabantur
875 3029 960 3090 eirca
978 3043 1077 3108 opera
1137 3033 1140 3039 '

146 3124 370 3202 poenitentibus
384 3119 516 3203 publicis
529 3122 689 3202 injuncta;
711 3123 804 3184 hodie
822 3123 892 3187 hacc
911 3142 1009 3204 opera
1022 3140 1075 3184 or·

147 3213 518 3278 diueriesubtrahuntur
541 3215 702 3296 (indirecte
730 3220 857 3294 possent
880 3219 948 3280 haec
975 3235 1073 3299 opera

145 3309 323 3390 pertingere
333 3315 410 3390 puta
419 3311 618 3374 casumillius
629 3311 683 3392 qui
692 3311 830 3375 lucratus
844 3312 1072 3393 indulgentiam

144 3404 318 3484 plenariam
331 3424 394 3469 uon
408 3409 572 3486 perfuncta
586 3398 690 3469 adhue
700 3407 917 3486 poenitentiam
927 3409 1069 3489 oriatur).

145 3501 219 3560 Haec
233 3498 357 3561 videtur
369 3517 458 3560 mens
473 3501 620 3562 lloolesiae
635 3517 705 3580 quae
720 3501 888 3581 aliquando
902 3503 1070 3581 indulgen-
