2548 4020
430 321 468 364 nu
489 319 616 367 cornero
637 321 719 366 rums
741 321 896 367 aaronica
1066 312 1125 372 269

308 523 319 567 ἓ
333 516 366 560 11·
379 528 407 561 B}
420 527 498 561 ffl'HS
509 525 645 562 ORMMRIIS
657 526 685 560 l'r
698 525 828 560 mloiilflls
840 527 912 562 iiim
927 529 1018 564 annon.

156 733 165 748 .
235 658 301 718 XX.
319 653 501 716 Distributio
517 652 640 714 dierum
654 653 687 714 in
701 653 928 724 hebdomadas.
939 658 1044 736 prouti
1054 679 1123 740 quae

194 755 318 833 abipsa
338 745 448 812 mundi
470 751 627 812 creatione
646 751 771 814 videtur
792 752 945 832 originem
964 755 1122 835 habuisse,

194 849 321 928 abipso
346 850 410 908 Deo
432 847 574 910 instituta
596 851 627 910 et
650 851 775 910 servata
797 849 892 910 etiam
914 851 947 911 iu
970 855 1125 932 computis

195 945 413 1008 ecclesiasticis
435 948 562 1022 recepta
583 949 640 1004 est.
663 943 725 1006 Sed
744 944 806 1005 alia
825 946 980 1008 dederuut
998 951 1125 1009 uomina

195 1041 305 1102 diebus
328 1039 471 1122 gentiles,
495 1039 556 1100 alia
576 1040 704 1118 hebraei,
729 1041 791 1103 alia
812 1043 983 1106 christiani.
1011 1047 1125 1106 Gentes

194 1139 346 1198 vocarunt
367 1135 434 1196 dies
453 1152 472 1194 a
491 1137 616 1197 nomine
635 1133 779 1196 deorum.
800 1136 924 1199 Hebraei
948 1156 1021 1198 cum
1043 1139 1125 1199 inter

195 1251 303 1294 omnes
327 1231 535 1318 hebdomada¹
556 1231 622 1292 dies
652 1230 840 1294 celebrarint
866 1251 990 1296 sacrum
1013 1236 1124 1296 sabba-

195 1333 261 1391 tum
280 1346 342 1409 quo
366 1327 416 1389 die
444 1326 598 1408 requievit
616 1329 700 1387 Deus
727 1328 768 1389 ab
790 1345 884 1406 opere
906 1330 1084 1406 creationis,
1106 1349 1125 1390 a

194 1428 323 1489 sabbato
348 1429 500 1488 vocarunt
524 1429 654 1487 caeteros
678 1425 746 1486 dies
759 1425 895 1505 primam
913 1427 1056 1506 sabbati,
1073 1447 1126 1490 se-

195 1524 331 1586 cundam
346 1521 479 1584 sabbati.

234 1619 400 1683 Christiani
414 1636 489 1680 vero
510 1636 573 1679 non
592 1617 826 1681 sanctificarunt
844 1619 1012 1682 sabbatum
1027 1618 1122 1696 diem,

194 1716 339 1779 videlicet
353 1734 423 1796 quae
438 1717 520 1775 Deus
534 1715 689 1793 completa
707 1716 865 1777 creatione
885 1715 1046 1796 requierit,
1067 1716 1124 1776 sad

194 1815 328 1892 primam
350 1812 473 1874 sabbati
491 1829 554 1892 qua
576 1812 717 1874 Christus
741 1816 957 1875 consummato
976 1812 1123 1890 redemp-

193 1909 286 1970 tionis
300 1927 394 1988 opere
410 1908 589 1970 resurrexit.
605 1909 684 1968 Eam
699 1908 782 1969 diem
796 1906 927 1986 proinde
942 1907 1124 1969 immediate

194 2006 378 2082 sequentem
406 2001 572 2064 sabbatum
596 2001 761 2082 judaicum
781 2007 817 2062 ut
839 2019 961 2062 sacram
985 2001 1125 2062 retinue-
1163 2019 1165 2024 ·

193 2099 268 2159 runt
294 2096 475 2175 christiani,
509 2099 677 2176 propterea
707 2099 860 2175 tanquam
887 2094 971 2155 diem
999 2093 1125 2156 Domini

194 2193 339 2256 dixerunt
352 2192 558 2270 Dominioam,
583 2196 614 2268 et
634 2193 814 2254 habuerunt
833 2195 986 2271 tanquam
1008 2191 1125 2270 princi-

99 2370 103 2376 ,
194 2291 280 2369 pium
294 2289 513 2365 hebdomadae,
537 2289 628 2351 sicuti
646 2289 770 2350 Hebraei
790 2289 988 2351 retinuerunt
1010 2287 1124 2348 sabba-

113 2381 118 2391 ‘
193 2392 271 2465 tum,
288 2391 456 2468 sequentes
470 2389 576 2449 autem
591 2386 658 2447 dies
671 2386 755 2449 inter
771 2384 960 2447 dominicam
976 2388 1007 2447 et
1025 2384 1124 2445 domi-

194 2486 297 2546 nioam
311 2484 438 2562 positos,
454 2501 513 2544 nec
529 2501 600 2544 oum
619 2482 766 2564 gentibus
785 2485 939 2544 vocarunt
959 2499 978 2542 a
996 2480 1123 2543 nomine

194 2582 337 2656 deorum,
358 2597 416 2641 nec
431 2598 503 2642 cum
521 2574 830 2664 Hebraeis'dixeruut
846 2578 992 2659 primam,
1015 2595 1124 2638 secun-

194 2678 306 2739 dam...
336 2695 356 2738 a
374 2676 544 2750 dominioa;
566 2676 621 2737 sed
643 2680 765 2740 retenta
788 2675 945 2738 dominica
972 2679 1123 2755 tauquam

194 2775 296 2852 prima
309 2773 387 2854 feria
401 2792 464 2853 qua
477 2775 541 2834 Deo
551 2772 728 2835 vacandum
738 2775 769 2836 et
779 2773 956 2835 feriandum
966 2773 1017 2850 sit,
1032 2774 1123 2833 caete·

194 2888 245 2932 ros
267 2870 414 2933 dixerunt
435 2871 623 2948 secundam,
645 2872 790 2949 tertiam,
818 2875 963 2951 quartam
986 2869 1120 2929 feriam:

194 2963 301 3024 relicto
326 2964 465 3041 septimae
487 2963 571 3026 feriae
592 2964 718 3026 nomine
736 2963 860 3025 sabbati
886 2963 918 3023 in
937 2961 1123 3021 memoriam
1209 3021 1211 3024 .

195 3065 418 3123 consummatae
433 3061 610 3124 creationis.
631 3061 765 3135 «Nobis,
787 3059 891 3120 aiebat
913 3057 1123 3120 Tertullianus

194 3171 263 3233 cap.
285 3169 342 3217 vlu
357 3157 388 3216 et
401 3171 454 3216 xlv
469 3152 621 3215 adversus
635 3152 816 3231 Psychioos‚
832 3151 923 3212 nobis
938 3148 1039 3210 omnis
1056 3147 1122 3208 dies

195 3250 289 3311 etiam
316 3250 445 3330 vulgata
468 3249 702 3311 consecratione
726 3247 919 3321 celebratum
947 3262 1018 3305 cum
1039 3244 1124 3306 enim

194 3344 359 3406 horrerent
376 3343 483 3406 fideles
503 3341 665 3405 nominare
685 3341 752 3403 dies
770 3360 790 3403 a
809 3340 867 3403 diis
886 3340 1046 3422 gentium,
1072 3340 1123 3402 vel

190 3437 318 3519 judaico
333 3458 421 3502 more
442 3459 461 3502 a
481 3439 612 3502 sabbato
636 3439 782 3518 primam,
805 3440 837 3500 et
857 3438 1029 3500 secundam
1050 3437 1122 3498 sab-

194 3538 311 3601 bati...
336 3539 421 3600 idem
444 3555 482 3599 ac
499 3537 527 3599 si
549 3536 706 3600 dominica
725 3535 804 3600 seria
826 3537 929 3618 prima
951 3537 1119 3612 diceretur,
