2530 4016
292 371 294 375 Ι
365 308 403 352 ou
425 303 555 352 caruero
574 305 656 352 sums
679 303 832 354 cruorum.
1006 295 1062 356 327

131 456 171 518 ad
200 453 381 534 hujusmodi
409 453 487 532 legis
516 431 748 515 observantiam
771 453 923 516 tuendam
946 455 1063 519 deven-

131 555 200 613 tum
215 554 272 612 est.

170 648 269 708 Erant
283 647 389 706 autem
404 642 535 704 decimae
551 663 558 703 :
577 642 666 704 Certo
673 663 745 724 porr
755 643 905 724 fructuum
919 645 966 707 vel
975 646 1061 709 lnrrr'.

133 741 224 804 Certo
236 761 319 822 pore,
335 741 546 817 nondecim,
564 741 638 819 quia
652 741 811 802 interdum
829 741 942 821 major,
966 742 1063 804 iuter-

130 839 207 900 dum
222 838 325 899 minor
339 855 395 916 pro
411 836 542 898 diversis
557 836 847 899 consuctudinibus.

170 931 333 992 Frontonem
347 930 398 992 vel
412 930 487 990 locri
502 931 576 1009 quia
590 930 659 993 aliae
675 931 802 993 luerunt
818 931 985 1010 praedoctos,
1006 936 1067 995 eeu'

129 1028 241 1104 malea,
259 1028 327 1089 aliae
342 1045 417 1088 vero
432 1017 622 1088 industrloles
636 1027 687 1087 vel
699 1027 872 1108 personales.

170 1121 338 1186 Praediales
353 1143 391 1184 ex
405 1122 558 1184 fructibus
578 1128 609 1185 et
628 1123 833 1202 proventibus
856 1124 1058 1202 prediorum.

130 1213 240 1287 Quoad
255 1213 359 1275 varias
373 1215 493 1293 species
504 1214 708 1292 decimarum,
721 1215 810 1298 etjus
821 1235 882 1296 quc
893 1219 1058 1297 debentur,

129 1310 171 1372 ad
184 1311 405 1373 tractationem
419 1311 615 1389 superiorem
629 1316 760 1392 spectat.

169 1408 214 1467 De
239 1405 381 1486 primitiis
411 1411 442 1469 et
468 1406 598 1488 dejure
621 1425 682 1488 quo
704 1408 877 1483 debentur,
899 1409 932 1470 in
958 1410 1057 1473 Instit.

128 1502 221 1564 elom.
246 1505 382 1566 tractrue
411 1520 522 1583 parum
545 1505 641 1568 etiam
672 1506 859 1585 proficeret,
887 1524 959 1567 cum
992 1507 1060 1570 haec

128 1598 260 1678 quaestio
275 1600 369 1660 hodie
384 1601 425 1660 ad
439 1602 561 1679 praxim
575 1602 628 1664 vix
642 1606 771 1680 spectet.

512 1805 617 1854 CAPUT
631 1805 664 1853 ll.

190 1929 224 1968 DE
239 1902 430 1970 Tauroentum
447 1929 578 1970 ECCLESIAE
592 1931 721 1970 BONOEUE
738 1931 994 1984 nuulmst'nurlortn,

165 2059 189 2122 Ι.
222 2061 493 2133 Quemadmodum
520 2061 667 2124 Ecclesiae
691 2062 743 2143 jus
765 2063 932 2125 tribuimus
953 2067 1058 2146 acqui-

126 2155 217 2216 rendi
243 2158 328 2218 bona
347 2157 552 2236 temporalia,
577 2159 622 2220 ita
649 2159 805 2220 bonorum
832 2160 1058 2239 acquisitorum

51 2322 53 2326 ¹
126 2251 312 2333 dominium,
326 2259 357 2317 et
367 2254 451 2334 quod
467 2273 662 2335 consequens
677 2260 734 2332 est,
745 2257 873 2316 illorum
887 2259 1059 2336 possessio-

126 2367 199 2410 nem
214 2356 245 2410 et
259 2351 562 2412 administrationem
577 2353 734 2434 denegare
749 2353 896 2416 Ecclesiae
908 2372 970 2415 non
985 2373 1058 2433 pos-

125 2465 245 2524 sumus,
270 2455 305 2508 ut
323 2449 483 2529 acquisitis
502 2448 593 2510 bonis
614 2449 747 2526 fruatur,
771 2453 876 2512 utatur
895 2451 940 2512 ita
962 2455 997 2514 ut
1020 2469 1058 2512 aa

124 2545 221 2606 finem
236 2563 300 2606 suae
316 2544 532 2606 destinationis
546 2549 789 2626 consequantur.

164 2645 312 2705 Jamvcro
328 2644 476 2706 Ecclesiae
492 2644 618 2705 nomine
632 2644 746 2724 injure
762 2649 868 2708 nostro
890 2665 953 2707 non
972 2648 1057 2709 venit

124 2740 248 2802 tantum
261 2741 401 2802 Ecclesia
414 2741 582 2820 generalis,
603 2741 658 2802 sed
680 2741 828 2822 qualibet
846 2743 1057 2805 ecclesiastica

124 2838 333 2899 communitas
350 2839 382 2900 in
406 2857 463 2899 suo
486 2855 602 2918 genere
625 2836 774 2916 perfecta,
799 2857 871 2918 quae
894 2839 1055 2919 proprium

124 2931 242 2994 babeat
256 2939 426 3012 pastorem,
443 2935 562 2995 clerum
581 2940 612 2995 et
629 2935 791 3014 populum,
813 2941 844 2994 et
867 2936 955 2996 salva
977 2936 1055 2996 rela-

125 3027 209 3090 tione
224 3031 425 3108 quombabct
435 3049 507 3092 cum
517 3030 666 3092 societate
682 3029 893 3091 ecclesiastica
902 3030 1052 3110 generali,

123 3126 211 3188 velut
235 3146 311 3204 pars
334 3128 375 3189 ad
398 3147 490 3190 suum
510 3131 627 3203 totum,
652 3144 672 3186 a
699 3127 821 3187 caeteris
845 3127 1055 3205 peculiaribus

123 3225 399 3289 communitatibus
422 3223 639 3287 ecclesiasticis
667 3223 707 3286 sit
734 3223 968 3302 independens3
992 3243 1053 3285 uno

122 3321 219 3381 verbo
245 3322 371 3382 nomine
392 3321 539 3384 Ecclesia
568 3339 630 3381 non
662 3323 787 3382 tautum
807 3319 894 3382 venit
916 3319 1055 3382 Ecclesia

120 3418 290 3496 generalia,
306 3420 361 3480 sed
376 3420 507 3500 singulae
529 3418 682 3480 dioeceses
704 3424 758 3478 aut
779 3417 869 3497 quasi
889 3416 1051 3492 dioeceses,

122 3528 192 3591 quae
207 3516 354 3578 Ecclesiae
369 3516 574 3596 particulares
585 3515 656 3595 jure
670 3518 777 3576 nostro
793 3515 960 3588 dicuntur;
978 3529 1053 3592 ergo
