2504 4024
171 256 227 314 132
265 283 268 289 ·
377 263 604 310 Insrlrunlonus
624 263 708 310 rums
730 261 885 310 canoaldi.

209 415 239 472 2⁰
260 407 380 470 Mulieri
402 407 574 487 repudiatae
597 407 709 468 iterum
730 406 871 484 nubenti,
895 426 957 467 non
978 408 1109 487 infliget

168 505 294 585 plenam
307 503 507 582 lapidationis
522 507 556 563 ut
569 501 729 579 adulteris,
745 503 820 582 quia
832 521 890 582 per
904 521 1021 565 novum
1036 505 1109 564 coi-

169 607 247 677 tum,
262 604 430 680 postquam
440 617 459 659 a
469 598 536 658 viro
552 598 749 675 discesserat,
761 617 824 659 non
834 602 957 677 poterat
970 599 1106 660 turbare

165 696 239 776 jure
252 695 468 771 successionis,
487 693 561 774 jura
580 693 751 773 sanguinis,
768 693 853 772 quod
874 695 1024 754 damnum
1042 713 1108 772 po-

168 791 322 854 tissimum
340 809 378 850 ex
391 786 612 850 immoralit'ate
626 789 811 866 procedens,
827 789 878 849 lex
891 788 945 849 illa
956 789 1107 868 punitiva

171 888 341 966 spectabat.

208 984 249 1044 At
267 979 396 1042 secundi
417 978 564 1058 conjugii,
581 979 706 1040 vivente
723 978 820 1058 priori
833 978 912 1056 viro,
927 978 1106 1040 immorali-

168 1077 267 1136 tatem
280 1073 469 1149 manifestat,
486 1075 613 1152 quando
633 1073 707 1135 dicit
727 1074 795 1134 lieri
813 1092 869 1151 per
882 1073 971 1151 illud,
987 1075 1104 1136 mulie-

169 1187 237 1230 rem
249 1170 391 1250 pollutam
400 1168 659 1230 etctcminctilcm
668 1187 766 1230 coram
776 1168 854 1246 Deo;
868 1169 942 1232 licet
956 1170 1012 1246 eis,
1029 1171 1105 1249 opi·
1156 1227 1160 1233 .

170 1265 262 1325 nione
284 1255 404 1344 populi,
425 1261 680 1325 non'haberetur
700 1267 735 1326 nt
754 1264 897 1326 adultera
917 1282 1024 1327 coram
1042 1265 1104 1325 ho·
1156 1271 1158 1276 ’

169 1363 326 1436 minibus;
344 1362 400 1423 sed
413 1365 567 1441 tanquam
587 1364 736 1437 scortum,
763 1361 814 1422 vel
836 1361 1053 1439 prostibulum,
1081 1380 1105 1422 a

169 1457 384 1518 sacerdotibus
398 1458 463 1516 Deo
478 1456 666 1518 consecratis
680 1455 754 1516 duci
767 1473 830 1516 non
850 1455 989 1530 debere„

208 1551 350 1612 Profecto
365 1551 432 1611 hac
447 1551 615 1612 ostendunt
628 1551 787 1612 vinculum
804 1549 1018 1612 indissolubile
1031 1569 1104 1611 ma-

167 1646 306 1707 trimonii
321 1663 388 1705 esse
400 1644 491 1723 juxte
500 1646 553 1724 jus
567 1646 761 1707 abstramum
774 1649 806 1708 ct
819 1645 1010 1725 perfectum3
1026 1646 1105 1708 licet

168 1739 373 1800 Hebraeorum
386 1740 526 1800 moribus
539 1740 622 1800 illius
637 1740 812 1802 observatio
828 1746 1005 1819 nonposset
1018 1740 1105 1803 obti-

170 1836 248 1896 neri.
265 1833 354 1896 Unde
376 1834 536 1896 oriebatur
555 1835 606 1895 lex
623 1841 773 1912 mosaica,
793 1841 945 1915 tanquam
964 1836 1014 1896 lex
1035 1853 1102 1895 non

168 1930 340 2011 doqmott'co,
357 1930 412 1990 sed
433 1929 645 2010 dasccplincrio,
663 1944 726 2011 qna
738 1930 848 2011 'maJ'ns
871 1930 989 1992 bonum
1013 1930 1102 2010 quod

164 2026 256 2106 juxta
269 2026 517 2088 circumstantias
526 2032 632 2105 posset
645 2027 791 2104 obtineri,
807 2027 1015 2102 obtineretur;
1032 2045 1101 2088 ma-

164 2121 217 2202 jus
230 2122 349 2182 malum
364 2122 448 2202 quod
466 2126 572 2201 posset
584 2122 688 2198 vitari,
704 2121 866 2184 vitaretur.
883 2124 930 2182 lta
947 2121 998 2180 lex
1015 2123 1097 2198 ipsa,

168 2217 199 2278 in
215 2224 359 2280 concreto
370 2222 402 2280 et
410 2219 540 2280 relative
554 2218 595 2279 ad
609 2217 858 2279 circumstantias
868 2217 1007 2296 perlaeta
1017 2222 1096 2294 erat,
1125 2241 1129 2248 ·

168 2313 242 2392 quia
256 2331 326 2374 eam
340 2315 563 2392 perlectionem
578 2313 748 2391 obtinebat,
766 2331 836 2393 qnae
853 2313 1016 2392 potuisset,
1032 2314 1101 2374 ins-

166 2411 264 2489 pectis
283 2410 401 2472 viribus
419 2411 536 2490 populi,
559 2415 589 2474 et
608 2411 691 2482 vires
709 2410 906 2472 subditorum
925 2411 985 2472 hoc
1001 2409 1099 2471 modo

167 2505 383 2566 exhauriebat.

206 2601 252 2659 lte
260 2599 315 2677 jus
329 2605 502 2660 mosaicum
517 2601 696 2663 continebat
713 2601 866 2680 populum
882 2600 915 2661 in
930 2601 1040 2662 ordine
1055 2601 1099 2662 ad

166 2693 302 2770 primum
324 2697 356 2754 et
374 2695 546 2755 seeundum
567 2696 704 2757 stadium
724 2696 955 2776 depravationis
977 2713 1098 2756 connu-

166 2786 301 2848 biorum.
317 2788 512 2850 -Tertium
529 2790 667 2852 stadium
685 2791 918 2872 degradationis
936 2790 1098 2870 prohibuit

167 2885 198 2943 et
218 2881 357 2945 cohibuit
378 2883 515 2959 omnino,
537 2883 753 2946 interdicendo
774 2884 915 2947 absolute
937 2884 1098 2946 connubia

165 2978 247 3040 inter
260 2965 418 3056 proximos
432 2979 681 3058 consanguineos
696 2985 727 3042 et
745 2980 866 3057 affines,
883 2983 915 3042 et
934 2997 1026 3042 usum
1040 2998 1097 3040 ne-

166 3071 252 3133 fariae
267 3076 300 3134 et'
312 3090 400 3155 vagae
415 3072 538 3132 veneris
553 3073 740 3150 prohibebat
752 3073 905 3134 absolute.

207 3169 268 3230 Sed
289 3174 441 3248 practerea
459 3169 521 3230 dno
536 3170 647 3231 habuit
660 3171 808 3249 specialia
821 3169 1095 3256 capita'legislatio

166 3268 303 3324 mosaica
316 3264 348 3325 in
363 3266 471 3326 ordine
486 3266 526 3326 ad
541 3267 792 3328 matrimonium:

206 3357 236 3414 1⁰
252 3357 292 3417 Ut
304 3359 502 3420 matrimonia
514 3360 597 3420 inter
610 3362 761 3440 populum
776 3359 941 3439 judaicum
955 3359 1096 3420 contine-

167 3451 274 3508 rentur
287 3457 431 3526 respectn
446 3453 598 3530 gentium.
