2504 4024
364 300 403 345 na
425 297 553 346 caruero
573 301 656 346 rums
678 299 832 348 cruorum.
1011 291 1066 350 lla

134 453 194 508 tus.
213 443 387 509 Videlicet:
404 443 490 523 prius
506 443 598 504 homo
611 448 657 506 est
671 445 776 523 homo,
787 445 861 530 inde
876 447 970 522 civis;
989 451 1066 512 crdo

135 543 252 604 civicus
272 544 321 603 est
339 558 396 620 pro
415 540 546 602 tuitione
564 546 595 603 et
614 540 794 602 defensione
812 543 928 604 ordinis
942 549 1066 608 natura-

134 641 192 713 lis3
208 637 344 718 proinde
366 655 428 698 non
443 637 538 699 debet
558 639 676 699 servire
697 637 860 699 hominum
878 643 991 702 natura
1009 661 1066 721 pc-

134 736 231 811 litiae,
262 733 320 794 scd
347 733 455 812 politia
483 733 647 794 hominum
682 737 812 796 natura.
842 737 1067 800 Determinabit

134 831 268 911 proinde
282 830 333 891 lex
348 830 445 892 civilis
458 829 620 908 publicum
630 830 773 891 ordinem
787 831 819 891 in
834 832 988 912 conjugiis
1002 850 1067 894 ser-

134 928 287 1004 vandum,
309 946 370 1008 quo
392 927 620 988 connubiorum
641 927 830 990 incertitudo
851 930 989 1006 tollatur,
1013 931 1067 990 ho-

135 1033 241 1086 nestas
256 1027 408 1102 servetur,
426 1027 499 1102 etc,
515 1041 578 1084 non
594 1028 699 1086 autem
713 1025 808 1087 violet
823 1031 978 1087 naturam.

173 1126 206 1182 2⁰
231 1121 295 1183 Sed
317 1123 415 1183 multo
439 1121 562 1182 minora
585 1125 767 1200 competunt
786 1122 860 1202 jura
880 1123 1013 1204 principi
1034 1124 1067 1184 in
1152 1143 1154 1148 ·

134 1217 587 1280 matrimoniacltristiooorom.

174 1315 256 1374 Nam
270 1313 297 1373 si
311 1313 462 1374 naturalis
481 1313 575 1374 homo
595 1312 687 1374 alicui
707 1313 968 1392 determinationi,
984 1316 1016 1376 in
1031 1317 1068 1377 iis

135 1428 205 1489 quae
228 1410 379 1470 naturalis
397 1409 477 1489 juris
497 1415 579 1486 sunt,
602 1409 666 1488 legi
684 1410 765 1471 civili
785 1409 949 1484 subditur3
973 1411 1067 1473 homo

135 1505 323 1566 christianus
339 1505 382 1584 (et
401 1505 495 1566 homo
510 1505 662 1565 naturalis
678 1523 740 1565 non
753 1509 857 1584 potest
872 1505 969 1567 dividi
984 1525 1002 1568 a
1017 1525 1069 1566 su-

18 1597 19 1616 *
134 1602 340 1681 pernaturali)
355 1603 386 1662 in
402 1601 511 1663 ordine
526 1620 562 1662 ac
577 1603 775 1663 suumfincm
784 1604 1065 1682 supernaturalem,

135 1717 154 1759 a
176 1697 268 1758 civili.
284 1701 437 1776 potestate
461 1702 508 1759 cst
530 1716 658 1775 prorsus
685 1700 843 1775 immunis,
869 1703 900 1760 et
925 1699 1069 1761 subditur

134 1794 294 1855 Ecclesiae.
312 1795 350 1856 ot
371 1812 443 1854 cum
463 1795 709 1872 supernaturalis
727 1795 798 1855 finis
820 1796 955 1856 naturali
974 1815 1069 1874 praes-

134 1893 189 1966 tet,
206 1894 326 1952 aeterna
339 1889 469 1952 felicitas
484 1890 624 1951 felicitati
642 1895 865 1969 temporaneae,
881 1891 933 1952 ille
950 1896 996 1953 est
1015 1893 1068 1953 ab·

135 1986 246 2062 solute,
271 1985 322 2046 hic
343 1985 544 2064 hypothetice
564 1985 702 2046 intentus
723 2004 729 2045 :
753 1986 835 2065 Ergo
857 1984 943 2064 prius
966 1989 1069 2046 estut

135 2082 229 2144 bomo
254 2081 439 2161 disponatur
463 2084 494 2142 et
516 2079 680 2142 ordinetur
702 2081 742 2140 ad
765 2080 865 2156 illum,
891 2081 1003 2142 deinde
1028 2081 1068 2142 ad

19 2253 20 2262 ἵ
135 2177 241 2238 istum.

173 2272 310 2334 Proinde
325 2271 393 2333 haec
408 2276 546 2350 potestas
561 2270 688 2349 politica
707 2268 802 2330 debet
816 2267 961 2328 ordinare
976 2270 1016 2330 ad
1035 2271 1069 2329 fi-

136 2386 208 2429 nem
232 2368 366 2446 publieae
390 2367 545 2429 felicitatis
572 2365 765 2445 temporalis,
796 2363 920 2444 quando
946 2363 1013 2442 jam
1036 2366 1068 2424 in

135 2482 227 2524 suum
242 2463 386 2525 ordinem
401 2462 672 2541 supernaturalem
686 2463 822 2524 directus
837 2467 894 2524 est.
906 2463 978 2524 lam
993 2480 1067 2524 vero

136 2561 370 2621 matrimonium
396 2559 436 2620 ad
465 2560 608 2622 ordinem
635 2559 906 2638 supernaturalem
933 2559 1069 2639 pertinet

135 2653 302 2733 dupliciter
318 2675 324 2716 :

175 2749 206 2807 l⁰
221 2745 287 2808 Sub
302 2752 432 2825 aspectu
446 2748 577 2820 morali;

173 2847 206 2903 2⁰
222 2843 287 2904 Sub
303 2847 431 2921 aspectu
447 2845 677 2906 sacramentali.

173 2942 206 2999 l⁰
220 2939 308 2999 Licet
325 2939 376 3000 lex
391 2938 518 3001 moralis
532 2939 571 3000 de
586 2959 619 3001 se
635 2941 778 3002 ordinem
792 2959 855 3003 non
874 2939 959 3001 dicat
976 2942 1016 3003 ad
1033 2943 1067 3001 fi·
1142 2979 1145 2984 -

136 3049 208 3092 nem
222 3032 512 3110 supernaturalem:
526 3051 600 3092 nam
614 3038 720 3111 posset
734 3034 927 3095 considerari
939 3033 1067 3112 inpuris

136 3128 331 3188 naturalibus
346 3131 427 3189 'cum
455 3127 571 3188 afficiat
597 3133 744 3190 naturam
772 3147 835 3208 qua
859 3133 970 3188 natura
994 3131 1064 3202 est;

135 3225 241 3283 tamen
261 3225 452 3302 cumgratia
471 3223 647 3284 naturalem
665 3224 825 3284 hominem
843 3223 983 3302 perfecit,
1005 3243 1067 3286 non

137 3316 318 3381 distinctum
332 3319 493 3381 hominem
508 3321 635 3396 creavit,
649 3338 707 3380 nec
722 3323 834 3380 natura
848 3323 895 3382 est
909 3320 1068 3384 destructa

137 3429 192 3488 per
205 3413 353 3491 gratiam,
366 3414 421 3474 sed
434 3415 565 3490 clevata,
582 3415 648 3492 ipse
664 3414 740 3474 ordo
757 3415 906 3476 naturalia
921 3417 1066 3477 sublima-

138 3509 205 3587 tus,
237 3513 268 3571 et
300 3512 619 3590 supernaturalizatus
648 3516 705 3574 cst.
735 3511 774 3574 llt
801 3512 1067 3592 quemadmodum
