2476 4022
295 309 348 355 nn
369 308 497 355 cancro
517 307 599 354 runrs
621 307 774 355 tancmer.
966 299 1004 360 37

84 450 250 532 presbyteri
264 451 320 531 qui
334 451 462 530 speciali
476 450 613 530 quodam
627 450 721 512 modo
741 450 781 513 ab
796 452 1006 516 ecclesiastica

83 545 382 609 auctoritate'essent
396 546 482 606 adid
497 544 646 624 deputati.
685 569 687 574 ·

117 632 199 718 lingo
213 637 380 718 presbyter
393 641 583 702 confirmans
605 642 730 699 exercet
748 641 936 719 potestatam
955 660 1007 705 cr-

82 733 180 794 dinis?
193 752 275 807 ncn;
301 735 456 813 quianon
478 734 575 795 habet
595 747 653 793 nec
674 734 861 811 completam
882 751 941 795 nec
958 735 1008 798 in-

84 831 211 906 ceptam
225 829 258 891 ri
273 830 476 892 ordinationis
491 827 725 909 presbyteralis,
743 845 812 909 quae
823 829 864 890 ad
875 829 1007 892 hocnon

84 925 255 998 ordinatum
273 943 335 986 non
360 926 456 988 habet
473 925 505 986 vi
524 923 745 1003 delegationis,
762 942 819 1002 per
840 941 936 1004 quam
953 943 1009 1006 po·

84 1023 173 1081 testas
188 1021 308 1082 ordinis
322 1039 385 1082 non
399 1021 502 1083 datur.
520 1019 582 1082 Sed
597 1019 693 1081 habet
710 1020 743 1080 vi
762 1019 879 1080 ordinis
898 1021 1008 1082 babili-

86 1118 175 1176 tatem
197 1117 238 1178 ad
261 1117 474 1196 recipiendam
496 1114 725 1194 delegationem
742 1133 800 1194 per
821 1133 916 1195 quam
936 1135 1009 1180 con·

88 1213 217 1274 stituitnr
230 1212 496 1296 extraordinarius
505 1213 647 1273 minister
657 1209 917 1292 confirmationis,
930 1215 1009 1277 sicut

92 1307 214 1386 quilibet
232 1309 326 1370 homo
346 1310 412 1369 sina
433 1310 587 1388 potestate
606 1306 723 1369 ordinis
744 1311 777 1369 et
796 1307 862 1368 sine
883 1308 1010 1390 delega-

89 1403 166 1464 tione
181 1408 227 1466 est
241 1405 383 1466 minister
397 1402 661 1465 extraordinarius
674 1402 881 1482 baptismatis.

124 1499 173 1562 IV.
195 1502 228 1559 2⁰
244 1501 346 1573 Quare
366 1498 609 1578 hac-delegatio
626 1499 662 1587 dt
680 1497 721 1559 ab
740 1516 803 1559 uno
823 1499 855 1562 S.
878 1501 926 1575 P.,
947 1516 1009 1561 non

92 1596 188 1654 autem
202 1594 333 1675 quilibet
353 1595 518 1674 episcopus
537 1594 673 1673 delegat,
695 1595 749 1674 qui
768 1598 815 1657 est
834 1593 1010 1657 ordinarius

92 1687 174 1767 hujus
187 1683 377 1774 sacramenti
395 1690 597 1753 administer?
615 1723 656 1738 -
676 1692 715 1753 R.
739 1690 818 1762 Quia
839 1689 906 1751 haec
927 1692 1009 1753 dele·

91 1783 167 1861 gotio
181 1801 244 1844 non
263 1785 437 1864 concipitur
456 1771 608 1864 tannuam
629 1783 796 1846 transfusio
817 1786 1010 1847 austeritatis

60 1943 63 1950 ,
89 1878 117 1938 in
130 1879 266 1960 aliquem
279 1885 315 1943 ut
327 1881 393 1959 ipsa
408 1881 502 1942 iaciat
516 1881 642 1942 nomina
656 1882 784 1943 alterins
799 1882 884 1962 quod
902 1882 1012 1962 nequit

90 1976 207 2036 nomina
221 1994 290 2039 suc.
308 1980 448 2040 Potestas
463 1977 547 2037 enim
565 1977 682 2038 ordinis
701 1995 763 2039 nen
782 1977 1012 2040 transfunditur

90 2070 292 2152 delegatione,
314 2073 370 2134 sed
392 2073 598 2135 ordinatione.
626 2074 688 2135 Sed
711 2075 886 2154 concipitur
908 2075 1011 2154 potius

90 2171 234 2250 tanquam
254 2170 523 2250 meratdeputatio
544 2187 688 2250 personae
709 2189 780 2252 quae
803 2172 869 2232 sine
893 2172 1012 2232 ordinis

91 2267 236 2343 potestate
249 2263 284 2326 id
298 2264 392 2328 faciat
405 2265 651 2326 extraordinarie
671 2266 711 2327 ed
731 2265 815 2346 quod
833 2265 1012 2328 faciendum

93 2361 240 2424 ordinarie
254 2362 432 2442 requiretur
446 2363 523 2424 ordo
538 2363 734 2442 episcopalis.

125 2459 186 2522 Sed
201 2458 355 2540 quidquid
369 2460 409 2522 sit
421 2460 460 2521 de
476 2460 535 2522 hac
547 2461 718 2540 quaestione
730 2480 738 2523 :
750 2458 862 2542 autjns
872 2459 1013 2522 divinum

96 2553 146 2618 hcc
158 2556 333 2618 reservavit
353 2575 508 2638 supremae
528 2557 706 2620 auctoritati
728 2557 956 2634 ecclesiastica,
982 2559 1014 2618 et

97 2655 160 2714 tuno
185 2651 273 2714 nulla
295 2652 477 2730 difficultas;
503 2655 553 2716 vel
576 2655 604 2714 si
621 2655 675 2735 jus
698 2654 839 2719 divinum
862 2652 1014 2716 concessit

100 2751 250 2830 episcopis,
268 2755 299 2813 et
313 2770 410 2831 quum
425 2756 562 2832 potestas
577 2752 744 2831 delegandi
753 2769 817 2814 non
827 2752 1014 2831 sitpotestas

101 2849 214 2925 ordinis,
233 2865 303 2927 quae
324 2845 451 2910 limitari
464 2867 525 2910 nnn
548 2852 661 2927 potest,
683 2848 739 2910 sed
753 2851 898 2927 potestas
918 2847 1015 2908 Juris-

102 2941 230 3004 dictionis
245 2960 315 3022 quae
335 2947 419 3005 certe
436 2943 509 3024 jure
529 2943 736 3006 ecclesiastico
756 2945 859 3023 potest
875 2941 1014 3016 limitari,

103 3041 162 3102 tnnc
184 3044 322 3120 potestas
346 3059 384 3102 ex
406 3040 477 3122 ipsa
500 3042 631 3103 ecclesia
656 3045 817 3104 reservata
839 3043 897 3100 eet.
922 3037 1017 3099 Aliud

105 3139 172 3220 enim
195 3137 407 3220 estquaerere‘
435 3158 475 3200 an
503 3137 700 3219 delegatione
723 3140 783 3200 hac
805 3139 897 3199 detur
918 3135 1018 3199 luris-

106 3235 194 3319 llctio,
205 3239 290 3300 aliud
301 3260 341 3304 en
352 3240 407 3301 liat
417 3240 688 3325 exjnrisdicticne.
697 3241 744 3301 Sit
752 3259 789 3300 ex
794 3238 1015 3318 juridictione:

44 3323 46 3401 l
108 3349 154 3398 non
167 3342 285 3400 temere
300 3338 469 3400 mandatur
478 3337 666 3420 jurisdictio,
683 3333 742 3396 nec
750 3335 918 3398 mandatur
927 3338 1018 3416 crdo,

109 3436 149 3496 ssd
162 3441 284 3499 tantum
305 3439 502 3501 constituitur
519 3438 660 3500 minister
681 3435 946 3500 extraordinarius
967 3436 1021 3518 qui

198 3569 261 3608 rou.
281 3569 313 3610 rr.
900 3559 916 3612 3
