2548 4020
392 318 431 361 nu
451 317 580 365 omncro
600 320 683 364 runis
705 318 860 366 cononici.
1030 311 1085 370 231

157 457 301 521 notitiam
334 457 548 539 impedimenti
577 463 713 540 primum
741 468 812 542 post
838 463 1090 530 denuntiationes

156 555 226 616 illas
251 556 362 633 factas,
388 559 419 618 et
446 560 642 620 contractum
668 559 906 622 matrimonium
933 565 1088 640 venerim,

156 667 261 729 neque
276 649 449 730 quidquam
462 651 618 713 malitiose
633 657 743 715 contra
756 652 992 714 matrimonium
1007 656 1088 736 obji-

158 749 253 825 ciant,
271 767 299 810 c.
316 767 389 810 cum
402 750 435 810 in
450 753 505 812 tua
518 753 549 826 6,
566 750 597 812 b.
614 753 637 812 t.
656 752 735 813 Sunt
750 755 856 813 autem
870 757 935 812 tres
944 771 1048 831 casus,
1058 757 1091 816 in

159 845 273 924 quibus
287 846 477 925 regulariter
488 846 690 926 presumitur
698 847 878 927 ignorantia
887 866 1009 926 eorum,
1021 867 1092 929 quae

158 941 265 1020 palam
287 941 367 1003 fiunt
389 939 422 1001 in
446 941 581 1003 civitate.
607 942 712 1002 Primo
736 940 762 1001 si
790 941 859 1021 quis
883 941 996 1003 existet
1018 945 1093 1004 tunc

159 1037 310 1117 temporis
325 1041 413 1100 extra
427 1037 599 1100 dioecesim.
624 1038 770 1101 Secundo
791 1039 818 1100 si
839 1039 909 1119 quis
930 1042 1005 1102 tuno
1025 1044 1094 1101 erat

159 1125 316 1195 interere
330 1133 435 1197 adbuc
449 1137 552 1197 aetate.
570 1135 609 1195 llt
622 1134 714 1197 tertio
732 1135 760 1194 si
777 1153 815 1196 ex
834 1134 1017 1198 infirmitate
1036 1153 1093 1213 pa-

158 1228 298 1291 tiebatur
311 1228 470 1292 defectum
485 1248 560 1292 usus
574 1229 716 1292 rationis.
734 1251 749 1288 u

550 1405 583 1448 De
594 1405 703 1448 diuortiis.

205 1539 220 1576 o
235 1520 295 1597 An,
312 1522 343 1582 et
358 1537 422 1600 qua
435 1519 557 1584 ratione
575 1519 696 1583 licitum
717 1520 758 1584 sit
778 1522 907 1604 conjugi
931 1521 1093 1586 instituere

160 1615 331 1678 divortium
346 1616 388 1677 ob
403 1616 531 1678 alterius
546 1617 748 1682 adulterium.
764 1617 949 1696 Divertium,
970 1621 1010 1682 de
1028 1641 1093 1702 quo

160 1710 413 1792 potissimum-in
436 1711 497 1775 hoc
519 1713 610 1777 titulo
633 1714 750 1794 ugitun
775 1732 838 1777 uon
863 1721 910 1779 est
933 1717 1094 1782 dissolutio

160 1807 354 1870 matrimonii
381 1807 487 1889 quoad
513 1809 690 1888 vinculum,
716 1812 817 1892 qualis
841 1812 1005 1875 dissolutio
1027 1814 1096 1876 lieri

161 1907 266 1984 potest
293 1903 334 1965 ob
355 1903 615 1982 impedimentum
639 1905 788 1970 dirimens
808 1913 995 1988 perpetuum
1014 1909 1096 1973 iuter

162 1995 314 2077 conjuges
329 1997 487 2075 putativus
501 1997 712 2075 intercedens,
728 1999 785 2060 sed
800 2004 847 2062 est
856 2002 1013 2079 separatio
1024 2020 1096 2064 oon-

158 2094 344 2176 jugatorum
368 2093 474 2173 quoad
496 2093 637 2170 thorum,
663 2097 695 2154 ct
717 2093 993 2170 cohabitationem,
1018 2101 1093 2173 etc,

160 2192 206 2254 ita
221 2194 256 2254 ut
268 2193 417 2251 manente
432 2189 557 2251 vinculo
571 2189 731 2269 conjugali
745 2190 828 2250 iuter
840 2189 980 2269 legitime
990 2192 1097 2253 matri·

162 2288 269 2350 monio
294 2285 489 2367 coujunctos,
513 2286 573 2346 sibi
592 2290 698 2349 tamen
720 2304 778 2346 nec
798 2285 831 2348 iu
854 2285 958 2363 thoro,
984 2305 1042 2349 uec
1064 2289 1096 2348 in

163 2385 258 2448 domo
282 2382 465 2445 cohabitare
488 2387 657 2444 teneantur
676 2382 782 2444 taliter
803 2380 981 2462 conjugati,
1004 2382 1096 2462 quale

163 2479 336 2543 divortium
349 2478 431 2540 inter
445 2477 631 2559 conjugatos
651 2477 719 2539 lieri
741 2496 834 2557 posse
855 2477 895 2538 ab
915 2477 1095 2553 innocente,

163 2576 205 2637 ob
220 2573 421 2650 adulterium,
444 2579 500 2636 aut
520 2573 663 2637 illicitum
684 2574 886 2638 concubitum
906 2593 977 2636 cum
998 2575 1098 2636 altera

163 2686 301 2750 persona
315 2669 355 2730 ab
377 2669 476 2730 altero
497 2667 632 2748 conjuge
654 2669 856 2732 commissum
878 2668 916 2749 (si
936 2668 1099 2731 moraliter

163 2769 269 2827 certus
282 2762 324 2825 sit
335 2764 488 2826 innocens
503 2761 619 2844 conjux
632 2763 672 2824 de
686 2762 801 2826 talibus
822 2764 862 2826 ab
881 2764 942 2826 alio
963 2768 1097 2846 conjuge

164 2861 350 2940 commissis)
374 2879 412 2921 ex
440 2861 537 2922 sacris
555 2859 667 2922 litteris
686 2859 780 2922 etiam
807 2864 895 2939 patet
914 2861 1040 2937 Metto,
1065 2878 1096 2935 v,

164 2978 195 3019 v.
212 2959 263 3034 32,
278 2959 374 3017 etex.
392 2974 420 3017 o.
438 2955 627 3036 significasti
640 2960 671 3032 l,
688 2955 720 3018 h.
737 2959 761 3018 t.
785 2973 887 3034 neque
909 2955 994 3015 enim
1012 2955 1099 3016 fran-

164 3053 252 3134 genti
265 3052 362 3113 fidem
376 3052 471 3114 fidem
485 3053 636 3115 innocens
650 3055 776 3115 tenetur
785 3069 912 3112 serrare
925 3070 931 3110 :
944 3051 970 3110 si
979 3054 1096 3126 tamem

165 3168 238 3230 (1¹¹ae
250 3149 403 3212 innocens
417 3148 632 3229 praefuerat,
650 3153 682 3209 et
695 3167 714 3209 a
728 3147 842 3209 marito
856 3166 887 3208 v.
905 3165 936 3226 g.
953 3147 994 3208 ob
1009 3145 1100 3207 adul-

166 3246 282 3308 terium
309 3245 404 3327 hujus
430 3245 587 3322 discessit,
618 3247 729 3323 postea
755 3249 788 3305 et
813 3243 883 3322 ipsa
910 3241 1100 3304 adulterium

168 3343 355 3420 committat,
383 3344 509 3404 tenetur
531 3341 572 3403 ad
595 3340 733 3420 priorem
756 3339 905 3419 maritum
928 3337 1043 3416 redire,
1069 3342 1101 3401 et

167 3439 271 3502 eidem
284 3436 558 3502 matrimonialiter
572 3433 767 3514 cohabitare,
788 3435 864 3515 quia
882 3443 1049 3498 censentur
1068 3435 1100 3495 in

166 3534 223 3597 tali
244 3552 320 3598 casu
343 3534 433 3620 paria
460 3533 576 3596 delicta
601 3536 713 3596 mutue
739 3533 993 3612 compensatione
1020 3529 1098 3606 tolli,
