2476 4022
179 225 218 289 62
385 240 614 288 rusr1rorrours
635 239 717 286 sonis
738 237 894 285 onuourrr.

180 382 328 460 temporis
342 383 474 446 invaluit
487 387 522 445 ut
534 381 766 444 sacramentum
784 380 888 460 ipsum
905 372 995 443 intra
1005 383 1119 462 spirae-

180 493 248 537 ram
267 475 401 538 cristallo
421 478 555 540 cinctam
573 475 679 556 (vulgo
699 474 906 535 ostensorium
920 475 1046 554 vocant)
1061 475 1117 536 in-

179 568 369 649 cluderetur,
382 575 413 634 st
425 571 470 633 ita
483 569 665 632 solemniter
678 573 888 646 exponeretur
901 569 1017 646 populo
1033 568 1115 630 ado-

179 663 330 736 randum;
347 665 397 727 vel
412 684 483 726 cum
497 666 550 726 illo
564 661 699 744 populus
712 661 893 722 solemniter
905 661 1114 723 benedicere-

179 759 605 831 tur;velsacramentum1n
621 757 725 836 pixide
739 756 895 816 inclusum
910 761 941 817 et
954 757 1112 818 velamine

180 851 338 912 obtectum
358 871 427 927 suo,
448 859 558 935 aperto
580 853 683 914 solum
705 850 855 927 sacrario,
879 850 987 930 populi
1010 823 1112 912 oculis

180 949 396 1030 subjiceretur,
408 953 457 1014 vei
472 953 534 1014 alio
548 951 642 1012 modo
658 968 719 1032 quo
731 948 840 1011 hostiae
852 966 949 1010 saerae
963 954 1111 1028 aspectus

179 1044 394 1122 impediretur.

219 1141 254 1200 ln
268 1140 484 1221 hujuscemodi
499 1160 573 1204 vero
588 1141 768 1203 inducenda
788 1140 952 1220 disciplina
965 1139 1112 1201 conside-

179 1236 314 1298 randum
335 1245 402 1302 erat
422 1245 457 1301 ut
477 1239 582 1303 omnia
602 1239 707 1299 decori
726 1242 758 1298 et
775 1237 876 1298 cultus
898 1236 991 1317 hujus
1006 1233 1112 1297 saora'-

180 1332 275 1394 menti
299 1337 544 1413 responderent;
569 1332 701 1414 proinde
729 1335 881 1394 statutum
904 1340 951 1393 est
975 1333 1059 1412 qued
1082 1332 1110 1392 si
1156 1365 1158 1370 .

180 1443 282 1488 sermo
297 1429 337 1490 sit
351 1430 390 1490 de
405 1430 522 1510 publico
536 1429 628 1508 hujus
642 1427 830 1490 sacramenti
849 1422 1054 1506 expositione,
1071 1442 1112 1490 ea

179 1542 243 1586 non
262 1526 380 1590 debeat
401 1529 469 1590 fieri
493 1529 553 1590 nisi
575 1515 701 1606 publica
727 1544 822 1596 causa
848 1527 905 1605 per
928 1527 1112 1606 episcopum

179 1621 353 1700 probando.
377 1625 478 1686 Causa
504 1629 609 1686 autem
637 1627 685 1688 est
707 1623 823 1686 utilitas
846 1623 1003 1684 Ecclesiae.
1034 1625 1112 1684 Haec

180 1719 318 1798 episcopi
331 1721 499 1784 auctoritas
514 1720 691 1783 extenditur
704 1719 745 1780 ad
759 1737 868 1782 omnes
881 1737 947 1780 suae
963 1719 1111 1782 dioecesis

179 1816 338 1895 ecclesias,
362 1817 457 1878 etiem
480 1820 651 1896 exemptas.
674 1817 708 1880 Si
730 1834 833 1878 sermo
854 1816 894 1878 sit
917 1815 956 1877 de
978 1816 1110 1896 privato,

179 1910 295 1973 sufficit
308 1912 401 1974 venia
412 1911 542 1974 rectoris
557 1911 707 1989 ecclesie,
724 1913 756 1972 et
770 1927 866 1971 causa
879 1909 1012 1989 privata.

251 2055 312 2108 511.
326 2069 353 2100 nr
368 2067 523 2102 rucnrnrsrrr
537 2069 561 2103 ru
577 2068 663 2103 onnrur
678 2069 707 2101 an
722 2067 799 2101 riorus
814 2065 1039 2100 rurrrcrrrrronru.

219 2155 293 2219 Tria
306 2174 447 2238 propono
463 2157 669 2238 expendenda
687 2157 726 2218 de
746 2155 966 2220 communione
985 2155 1113 2218 Eucha-

179 2251 273 2314 ristiae
290 2271 296 2314 ι
315 2252 470 2315 videlicet.

260 2355 290 2412 1⁰
304 2349 399 2430 Cujus
413 2351 453 2414 sit
468 2367 537 2411 eam
552 2347 750 2410 ministrare?

257 2451 290 2506 2⁰
305 2447 444 2518 Quorum
457 2448 497 2508 sit
511 2465 582 2508 eam
596 2444 776 2527 percipere?

257 2543 290 2602 3⁰
305 2542 434 2613 Quando
450 2546 482 2604 et
495 2544 652 2624 quomodo
667 2536 889 2622 percipienda?

219 2638 340 2699 Gaetera
358 2639 441 2698 enim
460 2656 529 2719 quae
540 2638 683 2718 -expeudi
702 2641 830 2716 possent
843 2639 875 2698 in
890 2637 950 2699 hae
964 2639 1107 2718 materia,

179 2751 242 2798 non
256 2732 403 2794 videntur
415 2735 570 2816 respicere
581 2735 739 2816 publicam
750 2741 781 2795 et
790 2739 952 2798 externam
961 2732 1109 2797 Ecclesiae

179 2831 375 2911 disciplinam
399 2837 431 2894 et
454 2834 663 2895 oeconomiam
685 2832 718 2892 in
742 2831 851 2894 ordine
875 2833 917 2895 ad
940 2833 1111 2916 perticipa-

178 2930 308 3010 tionem,
331 2930 387 2994 sed
409 2932 514 3011 potius
537 2930 728 3020 theologiam
751 2930 801 2990 vel
824 2929 1035 3015 dogmaticam
1059 2931 1110 2994 vei

178 3029 329 3092 moralem
343 3029 392 3092 vel
406 3029 571 3110 mysticam
584 3046 640 3090 seu
654 3027 832 3089 asceticam.
871 3029 874 3033 ’

324 3209 335 3240 3
472 3175 492 3220 1.
505 3175 572 3232 tinius
582 3177 611 3220 eit
622 3187 669 3221 eam
681 3175 814 3241 ministrare.

219 3263 285 3346 XII.
301 3267 421 3328 Natura
434 3266 601 3346 singularis
614 3266 710 3347 hujus
724 3267 928 3344 sacramenti,
945 3265 1031 3346 quod
1044 3283 1110 3328 non

179 3364 321 3424 consistit
334 3364 366 3428 in
380 3368 452 3427 actu
466 3365 641 3428 transeunti
663 3383 760 3444 quum
781 3366 925 3443 sumitur,
948 3364 1004 3426 sed
1021 3363 1055 3424 in
1073 3379 1110 3424 re

179 3459 387 3537 permanenti,
402 3459 483 3522 sicut
495 3459 571 3522 iecit
583 3460 706 3536 utilliue'
715 3462 944 3526 contactionem
952 3461 1111 3546 possimus
