2476 4022
311 357 313 362 -
381 333 421 377 un
442 332 570 380 onnoro
589 335 672 382 runis
694 335 849 386 ricomer.
1037 329 1075 388 Η

173 480 222 541 Ut
238 465 369 553 videtis,
388 476 487 538 Missae
509 477 695 540 sacrificium
715 481 805 542 vobis
818 500 889 544 sese
903 483 1029 548 exbibet
1042 491 1078 548 ut

131 575 220 638 actio
258 572 408 652 quedam
438 573 579 652 publice,
606 577 798 653 communis,
824 579 987 660 solemnis,
1012 601 1076 646 non

131 677 270 734 tantum
295 669 471 749 dogmatice
494 671 651 750 loquendo
682 677 836 750 quatenus
853 692 911 753 pro
932 679 1076 742 omnibus

131 767 293 830 fidelibus
303 766 357 846 qui
366 765 408 827 ad
417 783 530 846 corpus
545 766 659 828 Christi
673 769 830 846 pertinent
844 770 1073 851 celebrabatur,
1106 803 1109 810 ·

133 865 194 926 sed
212 867 248 925 et
262 863 322 924 sub
336 869 464 940 aspectu
479 865 620 940 externo,
636 865 760 942 visibili,
778 866 979 948 disciplinari,
998 888 1076 952 qua-

134 958 236 1018 tenns
251 955 418 1016 universus
431 955 566 1033 populus
580 956 777 1035 christianus,
790 963 1005 1044 unusquisque
1017 981 1075 1042 pro

135 1049 327 1112 conditione
342 1053 374 1109 et
387 1049 497 1110 ordine
511 1069 579 1127 suo,
597 1051 637 1112 ad
650 1051 737 1118 illios
746 1057 990 1120 celebrationem
1003 1077 1076 1138 spe-

136 1145 216 1215 ciali
230 1148 264 1206 et
279 1146 411 1222 positivo
433 1145 527 1208 modo
548 1151 765 1214 concurrebat.
783 1152 1029 1218 Celebrabentur
1041 1155 1074 1216 in

136 1241 240 1304 Missa
254 1241 386 1304 concilia
399 1243 494 1306 totius
508 1245 664 1306 societatis
679 1247 866 1311 christiane.

181 1339 227 1396 At
251 1337 466 1418 unusquisque
487 1337 573 1402 videt
596 1341 681 1419 quod
699 1343 733 1404 iu
747 1346 833 1405 tento
854 1345 901 1405 rei
920 1349 1089 1428 apparatu·

138 1453 248 1515 pauca
261 1435 439 1499 invenimus
458 1438 635 1500 essentialia
654 1440 694 1501 ad
714 1441 921 1505 sacrificium:
939 1443 1076 1521 discipli-

141 1532 236 1592 naris
250 1534 375 1593 caetere.
388 1533 478 1594 Unde
486 1532 553 1613 jam
562 1539 630 1596 tum
644 1536 769 1614 vigente
784 1538 883 1599 veteri
897 1537 1073 1617 disciplina,

142 1627 394 1688 extraordinarie
412 1627 527 1691 licebat
546 1631 750 1708 presbyteris,
772 1632 877 1712 aliqua
896 1633 1075 1713 postulante

143 1723 334 1784 necessitate
347 1723 397 1784 vel
411 1725 501 1804 gravi
515 1725 660 1803 utilitate,
677 1727 772 1788 etiam
786 1729 915 1806 privatis
928 1730 961 1790 in
977 1729 1074 1792 domi-

144 1819 215 1893 bus,
229 1819 439 1898 etaliquando
454 1821 549 1882 etiam
562 1823 720 1884 morituris
735 1827 806 1885 ante
820 1825 969 1887 lectulum
983 1844 1074 1887 suum

146 1931 237 1976 sacra
257 1915 391 1994 operari.
410 1915 500 1978 Unde
520 1917 632 1978 videtis
656 1917 805 1998 distingui
825 1920 886 1982 duo
908 1921 1074 1982 missarum

147 2029 276 2090 genere,
294 2029 375 2091 quae,
392 2012 464 2073 licet
477 2013 508 2073 in
524 2014 740 2076 essentialibus
760 2015 873 2078 ritibus
886 2018 1076 2080 conveniant

148 2113 177 2168 et
190 2109 254 2168 sint
276 2105 388 2168 eodem
408 2107 502 2168 modo
524 2109 722 2186 sacrificium,
738 2114 845 2172 tamen
869 2130 966 2173 unum
979 2113 1011 2172 in
1026 2131 1074 2174 so·

146 2205 242 2265 lemni
257 2206 289 2264 et
303 2204 427 2281 publico
441 2204 516 2266 cleri
527 2210 559 2264 et
571 2205 679 2284 populi
693 2210 859 2281 conventu,
873 2206 958 2267 aliud
973 2210 1074 2285 prive-

147 2301 201 2361 tim
216 2299 404 2360 celebratur.

184 2399 226 2456 At
238 2396 272 2455 in
288 2396 387 2456 veteri
408 2395 580 2475 disciplina,
597 2397 683 2458 velut
703 2395 814 2476 regula
828 2398 897 2456 crat
910 2396 1004 2456 Missa
1017 2415 1076 2474 pu-

146 2493 238 2568 blica,
255 2493 342 2553 velut
356 2493 496 2570 exceptio
515 2493 609 2554 Missa
622 2493 755 2571 private.
773 2493 837 2555 Sed
855 2497 949 2572 prout
960 2494 994 2554 in
1009 2493 1077 2554 eliis

146 2585 240 2648 rebus
255 2581 506 2663 disciplinaribus
521 2585 644 2662 eccidit,
662 2587 803 2664 exceptio
822 2585 967 2668 transivit
980 2586 1012 2646 in
1028 2604 1076 2646 re·

146 2683 264 2763 golam.
289 2684 368 2744 Nam
391 2684 483 2744 aucto
506 2682 623 2760 populo
652 2679 849 2759 christiaco,¹
863 2682 1076 2762 multiplicatis

146 2780 285 2856 clericis,
316 2779 371 2838 illa
404 2779 567 2856 disciplina
599 2779 889 2858 comprehendendi
917 2783 950 2841 in
978 2798 1077 2842 nuum

146 2876 251 2938 locum
265 2877 446 2936 uuiversum
466 2874 618 2954 populum
633 2879 663 2936 ct
678 2877 807 2952 clerum,
825 2895 894 2956 quae
915 2877 1078 2955 aptissima

147 2979 215 3034 erat
236 2971 383 3033 Ecclesiae
403 2971 533 3047 infanti,
550 2971 696 3034 Ecclesiae
719 2973 835 3035 edultae
853 2975 924 3035 visa
946 2992 1008 3034 non
1030 2977 1078 3034 cst

147 3066 281 3144 amplius
295 3063 548 3140 accommodata,
561 3067 596 3124 nt
609 3065 749 3125 omnium
767 3065 908 3126 fidelium
922 3065 1031 3142 pietati
1046 3069 1077 3126 et

147 3161 308 3224 devotioni
321 3164 527 3222 succurreret.
543 3160 658 3222 Addita
674 3162 768 3241 quod,
780 3163 853 3224 licet
867 3163 969 3223 Missae
985 3162 1078 3222 sacri-

147 3258 253 3320 ficium
268 3276 325 3336 pro
340 3259 487 3319 universe
500 3258 639 3318 Ecclesia
654 3259 815 3334 offeretur,
831 3261 938 3320 tamen
956 3262 1078 3320 certum

149 3355 243 3415 etiam
258 3357 306 3415 est
318 3353 408 3413 illum
422 3352 461 3412 de
475 3352 558 3413 illius
572 3353 675 3411 fructu
695 3350 822 3430 speciali
838 3351 932 3412 modo
953 3352 1080 3432 partici-

149 3467 235 3527 pare,
249 3449 303 3528 qui
318 3447 495 3526 specialiter
504 3447 544 3508 ad
554 3447 636 3506 illius
651 3444 894 3507 celebrationem
908 3447 1077 3520 concurrit,

151 3545 200 3608 vel
209 3563 267 3624 pro
277 3561 340 3626 quo
355 3540 571 3623 applicaturin
582 3541 696 3620 specie.
709 3541 798 3604 Unde
812 3545 980 3623 postquem
989 3543 1079 3619 lapsu
