<?xml version="1.0" encoding="UTF-8"?>
<!DOCTYPE html PUBLIC "-//W3C//DTD XHTML 1.0 Transitional//EN"
    "http://www.w3.org/TR/xhtml1/DTD/xhtml1-transitional.dtd">
<html xmlns="http://www.w3.org/1999/xhtml" xml:lang="en" lang="en">
 <head>
  <title>
</title>
<meta http-equiv="Content-Type" content="text/html;charset=utf-8" />
  <meta name='ocr-system' content='tesseract 3.04.00' />
  <meta name='ocr-capabilities' content='ocr_page ocr_carea ocr_par ocr_line ocrx_word'/>
</head>
<body>
  <div class='ocr_page' id='page_1' title='image "./institutionesju00marigoog_0075.png"; bbox 0 0 2476 4022; ppageno 0'>
   <div class='ocr_carea' id='block_1_1' title="bbox 180 300 954 361">
    <p class='ocr_par' dir='ltr' id='par_1_1' title="bbox 180 300 954 361">
     <span class='ocr_line' id='line_1_1' title="bbox 180 300 954 361; baseline 0.003 -2"><span class='ocrx_word' id='word_1_1' title='bbox 180 300 219 360; x_wconf 83' lang='grc'><strong>68</strong></span> <span class='ocrx_word' id='word_1_2' title='bbox 386 312 720 360; x_wconf 83' lang='lat' dir='ltr'><strong>rssr1rnrronusrnn1s</strong></span> <span class='ocrx_word' id='word_1_3' title='bbox 742 313 897 360; x_wconf 75' lang='lat' dir='ltr'><strong>cssorrcr.</strong></span> <span class='ocrx_word' id='word_1_4' title='bbox 946 350 954 361; x_wconf 88' lang='lat'><em>.</em></span> 
     </span>
    </p>
   </div>
   <div class='ocr_carea' id='block_1_2' title="bbox 167 457 1114 2740">
    <p class='ocr_par' dir='ltr' id='par_1_2' title="bbox 167 457 1114 2740">
     <span class='ocr_line' id='line_1_2' title="bbox 180 457 1114 538; baseline 0.001 -19"><span class='ocrx_word' id='word_1_5' title='bbox 180 458 237 520; x_wconf 89' lang='lat' dir='ltr'><strong>snb</strong></span> <span class='ocrx_word' id='word_1_6' title='bbox 252 462 384 538; x_wconf 70' lang='lat' dir='ltr'><strong>unaque</strong></span> <span class='ocrx_word' id='word_1_7' title='bbox 399 457 503 536; x_wconf 89' lang='lat' dir='ltr'><strong>specie</strong></span> <span class='ocrx_word' id='word_1_8' title='bbox 525 463 557 522; x_wconf 89' lang='lat' dir='ltr'><strong>et</strong></span> <span class='ocrx_word' id='word_1_9' title='bbox 576 458 659 520; x_wconf 90' lang='lat' dir='ltr'><strong>intra</strong></span> <span class='ocrx_word' id='word_1_10' title='bbox 679 457 846 520; x_wconf 74' lang='lat' dir='ltr'><strong>Missurum</strong></span> <span class='ocrx_word' id='word_1_11' title='bbox 866 457 1114 520; x_wconf 77' lang='lat' dir='ltr'><strong>celebrationem</strong></span> 
     </span>
     <span class='ocr_line' id='line_1_3' title="bbox 179 554 1113 634; baseline 0 -19"><span class='ocrx_word' id='word_1_12' title='bbox 179 555 374 617; x_wconf 87' lang='lat' dir='ltr'><strong>Eucharistia</strong></span> <span class='ocrx_word' id='word_1_13' title='bbox 400 554 632 634; x_wconf 80' lang='lat' dir='ltr'><strong>porrigebatur.</strong></span> <span class='ocrx_word' id='word_1_14' title='bbox 655 555 721 614; x_wconf 89' lang='lat' dir='ltr'><strong>Hoc</strong></span> <span class='ocrx_word' id='word_1_15' title='bbox 741 554 837 616; x_wconf 86' lang='lat' dir='ltr'><strong>fiebat</strong></span> <span class='ocrx_word' id='word_1_16' title='bbox 857 555 898 616; x_wconf 88' lang='lat' dir='ltr'><strong>ed</strong></span> <span class='ocrx_word' id='word_1_17' title='bbox 922 555 1113 617; x_wconf 88' lang='lat' dir='ltr'><strong>strictiorem</strong></span> 
     </span>
     <span class='ocr_line' id='line_1_4' title="bbox 178 648 1111 731; baseline 0.004 -21"><span class='ocrx_word' id='word_1_18' title='bbox 178 649 383 711; x_wconf 88' lang='lat' dir='ltr'><strong>imitationem</strong></span> <span class='ocrx_word' id='word_1_19' title='bbox 402 648 603 713; x_wconf 87' lang='lat' dir='ltr'><strong>institutionis</strong></span> <span class='ocrx_word' id='word_1_20' title='bbox 624 650 716 731; x_wconf 87' lang='lat' dir='ltr'><strong>hujus</strong></span> <span class='ocrx_word' id='word_1_21' title='bbox 740 651 939 728; x_wconf 89' lang='lat' dir='ltr'><strong>sacramenti,</strong></span> <span class='ocrx_word' id='word_1_22' title='bbox 964 652 1019 712; x_wconf 88' lang='lat' dir='ltr'><strong>scd</strong></span> <span class='ocrx_word' id='word_1_23' title='bbox 1043 669 1111 714; x_wconf 93' lang='lat' dir='ltr'><strong>non</strong></span> 
     </span>
     <span class='ocr_line' id='line_1_5' title="bbox 176 741 1111 822; baseline 0.005 -21"><span class='ocrx_word' id='word_1_24' title='bbox 176 742 247 821; x_wconf 85' lang='lat' dir='ltr'><strong>lege</strong></span> <span class='ocrx_word' id='word_1_25' title='bbox 262 742 467 818; x_wconf 79' lang='lat' dir='ltr'><strong>necessitatis,</strong></span> <span class='ocrx_word' id='word_1_26' title='bbox 484 741 616 822; x_wconf 89' lang='lat' dir='ltr'><strong>proinde</strong></span> <span class='ocrx_word' id='word_1_27' title='bbox 632 762 669 804; x_wconf 86' lang='lat' dir='ltr'><strong>ex</strong></span> <span class='ocrx_word' id='word_1_28' title='bbox 684 743 745 804; x_wconf 88' lang='lat' dir='ltr'><strong>elia</strong></span> <span class='ocrx_word' id='word_1_29' title='bbox 759 748 848 822; x_wconf 87' lang='lat' dir='ltr'><strong>parte</strong></span> <span class='ocrx_word' id='word_1_30' title='bbox 863 745 1005 806; x_wconf 89' lang='lat' dir='ltr'><strong>videmus</strong></span> <span class='ocrx_word' id='word_1_31' title='bbox 1016 762 1111 806; x_wconf 91' lang='lat' dir='ltr'><strong>usum</strong></span> 
     </span>
     <span class='ocr_line' id='line_1_6' title="bbox 177 837 1109 903; baseline 0.005 -5"><span class='ocrx_word' id='word_1_32' title='bbox 177 837 360 900; x_wconf 82' lang='lat' dir='ltr'><strong>asservandi</strong></span> <span class='ocrx_word' id='word_1_33' title='bbox 384 839 612 900; x_wconf 86' lang='lat' dir='ltr'><strong>Eucharistiam</strong></span> <span class='ocrx_word' id='word_1_34' title='bbox 635 839 685 900; x_wconf 85' lang='lat' dir='ltr'><strong>vel</strong></span> <span class='ocrx_word' id='word_1_35' title='bbox 709 840 750 901; x_wconf 88' lang='lat' dir='ltr'><strong>ad</strong></span> <span class='ocrx_word' id='word_1_36' title='bbox 773 839 969 903; x_wconf 87' lang='lat' dir='ltr'><strong>infirmorum</strong></span> <span class='ocrx_word' id='word_1_37' title='bbox 991 841 1041 903; x_wconf 83' lang='lat' dir='ltr'><strong>vel</strong></span> <span class='ocrx_word' id='word_1_38' title='bbox 1066 842 1109 903; x_wconf 92' lang='lat' dir='ltr'><strong>ad</strong></span> 
     </span>
     <span class='ocr_line' id='line_1_7' title="bbox 177 932 1109 998; baseline 0.006 -6"><span class='ocrx_word' id='word_1_39' title='bbox 177 932 382 995; x_wconf 76' lang='lat' dir='ltr'><strong>domesticam</strong></span> <span class='ocrx_word' id='word_1_40' title='bbox 410 935 663 996; x_wconf 86' lang='lat' dir='ltr'><strong>communionem</strong></span> <span class='ocrx_word' id='word_1_41' title='bbox 692 956 699 996; x_wconf 93' lang='lat'><strong>:</strong></span> <span class='ocrx_word' id='word_1_42' title='bbox 734 940 765 996; x_wconf 91' lang='lat' dir='ltr'><strong>et</strong></span> <span class='ocrx_word' id='word_1_43' title='bbox 792 935 907 998; x_wconf 89' lang='lat' dir='ltr'><strong>scimus</strong></span> <span class='ocrx_word' id='word_1_44' title='bbox 934 936 1109 998; x_wconf 77' lang='lat' dir='ltr'><strong>Ecclesiam</strong></span> 
     </span>
     <span class='ocr_line' id='line_1_8' title="bbox 176 1017 1107 1110; baseline 0.008 -22"><span class='ocrx_word' id='word_1_45' title='bbox 176 1027 344 1089; x_wconf 87' lang='lat' dir='ltr'><strong>credidisse</strong></span> <span class='ocrx_word' id='word_1_46' title='bbox 379 1047 477 1089; x_wconf 90' lang='lat' dir='ltr'><strong>unum</strong></span> <span class='ocrx_word' id='word_1_47' title='bbox 512 1033 544 1092; x_wconf 90' lang='lat' dir='ltr'><strong>et</strong></span> <span class='ocrx_word' id='word_1_48' title='bbox 559 1030 737 1110; x_wconf 86' lang='lat' dir='ltr'><strong>indivisum</strong></span> <span class='ocrx_word' id='word_1_49' title='bbox 764 1017 922 1094; x_wconf 77' lang='lat' dir='ltr'><strong>Christum</strong></span> <span class='ocrx_word' id='word_1_50' title='bbox 949 1034 1014 1094; x_wconf 91' lang='lat' dir='ltr'><strong>sive</strong></span> <span class='ocrx_word' id='word_1_51' title='bbox 1046 1033 1107 1095; x_wconf 91' lang='lat' dir='ltr'><strong>sub</strong></span> 
     </span>
     <span class='ocr_line' id='line_1_9' title="bbox 175 1125 1106 1208; baseline 0.006 -24"><span class='ocrx_word' id='word_1_52' title='bbox 175 1127 319 1204; x_wconf 85' lang='lat' dir='ltr'><strong>utraque,</strong></span> <span class='ocrx_word' id='word_1_53' title='bbox 334 1125 400 1186; x_wconf 87' lang='lat' dir='ltr'><strong>sive</strong></span> <span class='ocrx_word' id='word_1_54' title='bbox 419 1125 477 1188; x_wconf 90' lang='lat' dir='ltr'><strong>sub</strong></span> <span class='ocrx_word' id='word_1_55' title='bbox 497 1145 561 1187; x_wconf 91' lang='lat' dir='ltr'><strong>nna</strong></span> <span class='ocrx_word' id='word_1_56' title='bbox 582 1128 686 1206; x_wconf 88' lang='lat' dir='ltr'><strong>specie</strong></span> <span class='ocrx_word' id='word_1_57' title='bbox 708 1128 871 1204; x_wconf 86' lang='lat' dir='ltr'><strong>contineri,</strong></span> <span class='ocrx_word' id='word_1_58' title='bbox 896 1129 1029 1208; x_wconf 86' lang='lat' dir='ltr'><strong>proinde</strong></span> <span class='ocrx_word' id='word_1_59' title='bbox 1049 1129 1106 1190; x_wconf 89' lang='lat' dir='ltr'><strong>ali-</strong></span> 
     </span>
     <span class='ocr_line' id='line_1_10' title="bbox 176 1221 1107 1305; baseline 0.006 -25"><span class='ocrx_word' id='word_1_60' title='bbox 176 1221 301 1299; x_wconf 88' lang='lat' dir='ltr'><strong>qnando</strong></span> <span class='ocrx_word' id='word_1_61' title='bbox 317 1222 411 1285; x_wconf 88' lang='lat' dir='ltr'><strong>ctiam</strong></span> <span class='ocrx_word' id='word_1_62' title='bbox 425 1223 539 1286; x_wconf 87' lang='lat' dir='ltr'><strong>licebat</strong></span> <span class='ocrx_word' id='word_1_63' title='bbox 552 1223 592 1284; x_wconf 90' lang='lat' dir='ltr'><strong>ab</strong></span> <span class='ocrx_word' id='word_1_64' title='bbox 607 1242 670 1284; x_wconf 88' lang='lat' dir='ltr'><strong>una</strong></span> <span class='ocrx_word' id='word_1_65' title='bbox 684 1225 786 1304; x_wconf 86' lang='lat' dir='ltr'><strong>specie</strong></span> <span class='ocrx_word' id='word_1_66' title='bbox 797 1225 954 1288; x_wconf 87' lang='lat' dir='ltr'><strong>abstinere</strong></span> <span class='ocrx_word' id='word_1_67' title='bbox 960 1225 1028 1305; x_wconf 84' lang='lat' dir='ltr'><strong>jam</strong></span> <span class='ocrx_word' id='word_1_68' title='bbox 1037 1231 1107 1286; x_wconf 90' lang='lat' dir='ltr'><strong>tum</strong></span> 
     </span>
     <span class='ocr_line' id='line_1_11' title="bbox 174 1317 1106 1400; baseline 0.004 -22"><span class='ocrx_word' id='word_1_69' title='bbox 174 1336 193 1378; x_wconf 89' lang='lat' dir='ltr'><strong>a</strong></span> <span class='ocrx_word' id='word_1_70' title='bbox 207 1317 316 1398; x_wconf 89' lang='lat' dir='ltr'><strong>primis</strong></span> <span class='ocrx_word' id='word_1_71' title='bbox 331 1320 463 1396; x_wconf 88' lang='lat' dir='ltr'><strong>saecnlis,</strong></span> <span class='ocrx_word' id='word_1_72' title='bbox 480 1323 514 1381; x_wconf 91' lang='lat' dir='ltr'><strong>ut</strong></span> <span class='ocrx_word' id='word_1_73' title='bbox 528 1323 614 1397; x_wconf 89' lang='lat' dir='ltr'><strong>patet</strong></span> <span class='ocrx_word' id='word_1_74' title='bbox 628 1320 700 1380; x_wconf 88' lang='lat' dir='ltr'><strong>sive·</strong></span> <span class='ocrx_word' id='word_1_75' title='bbox 709 1339 747 1381; x_wconf 85' lang='lat' dir='ltr'><strong>cx</strong></span> <span class='ocrx_word' id='word_1_76' title='bbox 762 1321 831 1382; x_wconf 87' lang='lat' dir='ltr'><strong>aliis</strong></span> <span class='ocrx_word' id='word_1_77' title='bbox 850 1320 1016 1400; x_wconf 85' lang='lat' dir='ltr'><strong>capitibus,</strong></span> <span class='ocrx_word' id='word_1_78' title='bbox 1038 1321 1106 1384; x_wconf 86' lang='lat' dir='ltr'><strong>sive</strong></span> 
     </span>
     <span class='ocr_line' id='line_1_12' title="bbox 174 1416 918 1492; baseline 0.007 -18"><span class='ocrx_word' id='word_1_79' title='bbox 174 1431 213 1474; x_wconf 82' lang='lat' dir='ltr'><strong>ex</strong></span> <span class='ocrx_word' id='word_1_80' title='bbox 227 1416 446 1477; x_wconf 90' lang='lat' dir='ltr'><strong>communione</strong></span> <span class='ocrx_word' id='word_1_81' title='bbox 461 1416 696 1478; x_wconf 87' lang='lat' dir='ltr'><strong>abstemiornm.</strong></span> <span class='ocrx_word' id='word_1_82' title='bbox 914 1487 918 1492; x_wconf 49' lang='grc'>,</span> 
     </span>
     <span class='ocr_line' id='line_1_13' title="bbox 213 1513 1107 1593; baseline 0.004 -21"><span class='ocrx_word' id='word_1_83' title='bbox 213 1513 420 1590; x_wconf 81' lang='lat' dir='ltr'><strong>Exceptiones</strong></span> <span class='ocrx_word' id='word_1_84' title='bbox 444 1513 534 1592; x_wconf 90' lang='lat' dir='ltr'><strong>lapsu</strong></span> <span class='ocrx_word' id='word_1_85' title='bbox 555 1515 705 1593; x_wconf 90' lang='lat' dir='ltr'><strong>temporis</strong></span> <span class='ocrx_word' id='word_1_86' title='bbox 725 1513 805 1577; x_wconf 89' lang='lat' dir='ltr'><strong>finnt</strong></span> <span class='ocrx_word' id='word_1_87' title='bbox 824 1513 1050 1593; x_wconf 85' lang='lat' dir='ltr'><strong>frequentiores</strong></span> <span class='ocrx_word' id='word_1_88' title='bbox 1073 1518 1107 1576; x_wconf 87' lang='lat' dir='ltr'><strong>et</strong></span> 
     </span>
     <span class='ocr_line' id='line_1_14' title="bbox 174 1606 1105 1689; baseline 0.003 -22"><span class='ocrx_word' id='word_1_89' title='bbox 174 1606 350 1669; x_wconf 86' lang='lat' dir='ltr'><strong>ordinariae.</strong></span> <span class='ocrx_word' id='word_1_90' title='bbox 378 1609 409 1669; x_wconf 90' lang='lat' dir='ltr'><strong>S.</strong></span> <span class='ocrx_word' id='word_1_91' title='bbox 434 1608 540 1686; x_wconf 83' lang='lat' dir='ltr'><strong>Gyrilli</strong></span> <span class='ocrx_word' id='word_1_92' title='bbox 560 1609 764 1687; x_wconf 88' lang='lat' dir='ltr'><strong>temporibus,</strong></span> <span class='ocrx_word' id='word_1_93' title='bbox 783 1611 956 1674; x_wconf 61' lang='lat' dir='ltr'><strong>,confluenti</strong></span> <span class='ocrx_word' id='word_1_94' title='bbox 978 1627 1105 1689; x_wconf 85' lang='lat' dir='ltr'><strong>magnae</strong></span> 
     </span>
     <span class='ocr_line' id='line_1_15' title="bbox 173 1703 1105 1782; baseline -0.002 -18"><span class='ocrx_word' id='word_1_95' title='bbox 173 1703 366 1764; x_wconf 70' lang='lat' dir='ltr'><strong>advenarum</strong></span> <span class='ocrx_word' id='word_1_96' title='bbox 380 1704 570 1766; x_wconf 88' lang='lat' dir='ltr'><strong>multitudini</strong></span> <span class='ocrx_word' id='word_1_97' title='bbox 583 1704 811 1767; x_wconf 81' lang='lat' dir='ltr'><strong>Eucharistiam</strong></span> <span class='ocrx_word' id='word_1_98' title='bbox 822 1704 1003 1782; x_wconf 88' lang='lat' dir='ltr'><strong>deposcenti</strong></span> <span class='ocrx_word' id='word_1_99' title='bbox 1013 1709 1105 1764; x_wconf 84' lang='lat' dir='ltr'><strong>extra</strong></span> 
     </span>
     <span class='ocr_line' id='line_1_16' title="bbox 172 1799 1104 1880; baseline -0.002 -20"><span class='ocrx_word' id='word_1_100' title='bbox 172 1799 298 1860; x_wconf 86' lang='lat' dir='ltr'><strong>Missam</strong></span> <span class='ocrx_word' id='word_1_101' title='bbox 313 1799 404 1877; x_wconf 79' lang='lat' dir='ltr'><strong>caepit</strong></span> <span class='ocrx_word' id='word_1_102' title='bbox 417 1799 628 1860; x_wconf 87' lang='lat' dir='ltr'><strong>administrari</strong></span> <span class='ocrx_word' id='word_1_103' title='bbox 643 1800 856 1876; x_wconf 86' lang='lat' dir='ltr'><strong>Eu&#39;charistia,</strong></span> <span class='ocrx_word' id='word_1_104' title='bbox 873 1818 969 1880; x_wconf 89' lang='lat' dir='ltr'><strong>quum</strong></span> <span class='ocrx_word' id='word_1_105' title='bbox 984 1799 1104 1877; x_wconf 89' lang='lat' dir='ltr'><strong>impos·</strong></span> 
     </span>
     <span class='ocr_line' id='line_1_17' title="bbox 172 1890 1103 1986; baseline 0 -30"><span class='ocrx_word' id='word_1_106' title='bbox 172 1890 260 1957; x_wconf 84' lang='lat' dir='ltr'><strong>sibile</strong></span> <span class='ocrx_word' id='word_1_107' title='bbox 275 1898 357 1956; x_wconf 88' lang='lat' dir='ltr'><strong>esset</strong></span> <span class='ocrx_word' id='word_1_108' title='bbox 371 1896 462 1957; x_wconf 92' lang='lat' dir='ltr'><strong>toties</strong></span> <span class='ocrx_word' id='word_1_109' title='bbox 477 1895 603 1957; x_wconf 87' lang='lat' dir='ltr'><strong>Missam</strong></span> <span class='ocrx_word' id='word_1_110' title='bbox 618 1897 789 1973; x_wconf 87' lang='lat' dir='ltr'><strong>celebrare,</strong></span> <span class='ocrx_word' id='word_1_111' title='bbox 810 1897 1103 1986; x_wconf 34' lang='lat' dir='ltr'><strong>quoties-deposce-</strong></span> 
     </span>
     <span class='ocr_line' id='line_1_18' title="bbox 170 1986 1102 2061; baseline 0 -8"><span class='ocrx_word' id='word_1_112' title='bbox 170 1997 257 2054; x_wconf 89' lang='lat' dir='ltr'><strong>retur</strong></span> <span class='ocrx_word' id='word_1_113' title='bbox 277 1997 517 2054; x_wconf 89' lang='lat' dir='ltr'><strong>sacramentum.</strong></span> <span class='ocrx_word' id='word_1_114' title='bbox 541 1993 590 2054; x_wconf 87' lang='lat' dir='ltr'><strong>Ab</strong></span> <span class='ocrx_word' id='word_1_115' title='bbox 613 1986 754 2055; x_wconf 82' lang='lat' dir='ltr'><strong>orientali</strong></span> <span class='ocrx_word' id='word_1_116' title='bbox 775 2011 843 2054; x_wconf 89' lang='lat' dir='ltr'><strong>mos</strong></span> <span class='ocrx_word' id='word_1_117' title='bbox 865 1994 915 2061; x_wconf 89' lang='lat' dir='ltr'><strong>bic</strong></span> <span class='ocrx_word' id='word_1_118' title='bbox 937 1993 1102 2056; x_wconf 89' lang='lat' dir='ltr'><strong>traductus</strong></span> 
     </span>
     <span class='ocr_line' id='line_1_19' title="bbox 171 2085 1103 2166; baseline 0.001 -20"><span class='ocrx_word' id='word_1_119' title='bbox 171 2085 263 2147; x_wconf 89' lang='lat' dir='ltr'><strong>estin</strong></span> <span class='ocrx_word' id='word_1_120' title='bbox 278 2085 503 2146; x_wconf 90' lang='lat' dir='ltr'><strong>occidentalem</strong></span> <span class='ocrx_word' id='word_1_121' title='bbox 517 2085 700 2162; x_wconf 86' lang='lat' dir='ltr'><strong>Ecclesiam,</strong></span> <span class='ocrx_word' id='word_1_122' title='bbox 713 2105 783 2166; x_wconf 84' lang='lat' dir='ltr'><strong>qnae</strong></span> <span class='ocrx_word' id='word_1_123' title='bbox 794 2104 913 2147; x_wconf 90' lang='lat' dir='ltr'><strong>morem</strong></span> <span class='ocrx_word' id='word_1_124' title='bbox 922 2085 1012 2145; x_wconf 91' lang='lat' dir='ltr'><strong>illum</strong></span> <span class='ocrx_word' id='word_1_125' title='bbox 1022 2104 1103 2166; x_wconf 89' lang='lat' dir='ltr'><strong>qno-</strong></span> 
     </span>
     <span class='ocr_line' id='line_1_20' title="bbox 169 2178 1100 2259; baseline 0.004 -19"><span class='ocrx_word' id='word_1_126' title='bbox 169 2178 245 2240; x_wconf 90' lang='lat' dir='ltr'><strong>tidie</strong></span> <span class='ocrx_word' id='word_1_127' title='bbox 259 2179 448 2259; x_wconf 87' lang='lat' dir='ltr'><strong>frcquentat,</strong></span> <span class='ocrx_word' id='word_1_128' title='bbox 469 2181 542 2243; x_wconf 90' lang='lat' dir='ltr'><strong>licet</strong></span> <span class='ocrx_word' id='word_1_129' title='bbox 561 2181 752 2242; x_wconf 89' lang='lat' dir='ltr'><strong>desiderium</strong></span> <span class='ocrx_word' id='word_1_130' title='bbox 771 2182 917 2243; x_wconf 78' lang='lat' dir='ltr'><strong>Ecclesiae</strong></span> <span class='ocrx_word' id='word_1_131' title='bbox 935 2181 1012 2243; x_wconf 90' lang='lat' dir='ltr'><strong>illud</strong></span> <span class='ocrx_word' id='word_1_132' title='bbox 1031 2201 1100 2244; x_wconf 90' lang='lat' dir='ltr'><strong>esse</strong></span> 
     </span>
     <span class='ocr_line' id='line_1_21' title="bbox 168 2274 1101 2358; baseline 0.002 -22"><span class='ocrx_word' id='word_1_133' title='bbox 168 2274 323 2353; x_wconf 86' lang='lat' dir='ltr'><strong>videatur,</strong></span> <span class='ocrx_word' id='word_1_134' title='bbox 336 2281 370 2340; x_wconf 86' lang='lat' dir='ltr'><strong>nt</strong></span> <span class='ocrx_word' id='word_1_135' title='bbox 383 2277 451 2338; x_wconf 92' lang='lat' dir='ltr'><strong>haec</strong></span> <span class='ocrx_word' id='word_1_136' title='bbox 465 2278 642 2339; x_wconf 86' lang='lat' dir='ltr'><strong>communio</strong></span> <span class='ocrx_word' id='word_1_137' title='bbox 657 2279 713 2340; x_wconf 88' lang='lat' dir='ltr'><strong>fiat</strong></span> <span class='ocrx_word' id='word_1_138' title='bbox 726 2283 868 2358; x_wconf 88' lang='lat' dir='ltr'><strong>tempore</strong></span> <span class='ocrx_word' id='word_1_139' title='bbox 879 2277 1101 2340; x_wconf 89' lang='lat' dir='ltr'><strong>celebrationis</strong></span> 
     </span>
     <span class='ocr_line' id='line_1_22' title="bbox 168 2371 1047 2453; baseline 0.002 -20"><span class='ocrx_word' id='word_1_140' title='bbox 168 2371 269 2434; x_wconf 86' lang='lat' dir='ltr'><strong>Missae</strong></span> <span class='ocrx_word' id='word_1_141' title='bbox 285 2391 347 2453; x_wconf 90' lang='lat' dir='ltr'><strong>quo</strong></span> <span class='ocrx_word' id='word_1_142' title='bbox 361 2373 488 2434; x_wconf 89' lang='lat' dir='ltr'><strong>uberius</strong></span> <span class='ocrx_word' id='word_1_143' title='bbox 503 2373 611 2436; x_wconf 86' lang='lat' dir='ltr'><strong>fideles</strong></span> <span class='ocrx_word' id='word_1_144' title='bbox 626 2373 665 2434; x_wconf 91' lang='lat' dir='ltr'><strong>de</strong></span> <span class='ocrx_word' id='word_1_145' title='bbox 679 2374 831 2436; x_wconf 88' lang='lat' dir='ltr'><strong>sacrificio</strong></span> <span class='ocrx_word' id='word_1_146' title='bbox 848 2374 1047 2453; x_wconf 88' lang='lat' dir='ltr'><strong>participent.</strong></span> 
     </span>
     <span class='ocr_line' id='line_1_23' title="bbox 208 2466 1099 2549; baseline 0.007 -24"><span class='ocrx_word' id='word_1_147' title='bbox 208 2467 298 2537; x_wconf 85' lang='lat' dir='ltr'><strong>Quod</strong></span> <span class='ocrx_word' id='word_1_148' title='bbox 312 2484 386 2526; x_wconf 90' lang='lat' dir='ltr'><strong>vero</strong></span> <span class='ocrx_word' id='word_1_149' title='bbox 402 2468 536 2544; x_wconf 87' lang='lat' dir='ltr'><strong>pertinet</strong></span> <span class='ocrx_word' id='word_1_150' title='bbox 553 2466 593 2529; x_wconf 87' lang='lat' dir='ltr'><strong>ad</strong></span> <span class='ocrx_word' id='word_1_151' title='bbox 613 2469 867 2529; x_wconf 88' lang='lat' dir='ltr'><strong>communionem</strong></span> <span class='ocrx_word' id='word_1_152' title='bbox 886 2468 945 2530; x_wconf 91' lang='lat' dir='ltr'><strong>sub</strong></span> <span class='ocrx_word' id='word_1_153' title='bbox 964 2473 1099 2549; x_wconf 85' lang='lat' dir='ltr'><strong>utraque</strong></span> 
     </span>
     <span class='ocr_line' id='line_1_24' title="bbox 167 2561 1099 2643; baseline 0.009 -23"><span class='ocrx_word' id='word_1_154' title='bbox 167 2561 282 2638; x_wconf 86' lang='lat' dir='ltr'><strong>specio,</strong></span> <span class='ocrx_word' id='word_1_155' title='bbox 309 2561 376 2622; x_wconf 83' lang='lat' dir='ltr'><strong>haec</strong></span> <span class='ocrx_word' id='word_1_156' title='bbox 400 2563 494 2622; x_wconf 89' lang='lat' dir='ltr'><strong>variis</strong></span> <span class='ocrx_word' id='word_1_157' title='bbox 518 2562 660 2643; x_wconf 84' lang='lat' dir='ltr'><strong>subjecta</strong></span> <span class='ocrx_word' id='word_1_158' title='bbox 682 2568 729 2626; x_wconf 89' lang='lat' dir='ltr'><strong>est</strong></span> <span class='ocrx_word' id='word_1_159' title='bbox 751 2563 958 2630; x_wconf 88' lang='lat' dir='ltr'><strong>incommodis</strong></span> <span class='ocrx_word' id='word_1_160' title='bbox 988 2585 994 2626; x_wconf 80' lang='grc' dir='ltr'><em>τ</em></span> <span class='ocrx_word' id='word_1_161' title='bbox 1025 2567 1099 2628; x_wconf 90' lang='lat' dir='ltr'><strong>licet</strong></span> 
     </span>
     <span class='ocr_line' id='line_1_25' title="bbox 167 2657 1097 2740; baseline 0.008 -26"><span class='ocrx_word' id='word_1_162' title='bbox 167 2672 292 2733; x_wconf 89' lang='lat' dir='ltr'><strong>semper</strong></span> <span class='ocrx_word' id='word_1_163' title='bbox 304 2659 426 2718; x_wconf 88' lang='lat' dir='ltr'><strong>retenta</strong></span> <span class='ocrx_word' id='word_1_164' title='bbox 440 2657 534 2718; x_wconf 83' lang='lat' dir='ltr'><strong>inerit</strong></span> <span class='ocrx_word' id='word_1_165' title='bbox 551 2657 583 2716; x_wconf 91' lang='lat' dir='ltr'><strong>in</strong></span> <span class='ocrx_word' id='word_1_166' title='bbox 605 2659 745 2720; x_wconf 75' lang='lat' dir='ltr'><strong>Ecclesia</strong></span> <span class='ocrx_word' id='word_1_167' title='bbox 763 2661 923 2737; x_wconf 85' lang='lat' dir='ltr'><strong>Orientali,</strong></span> <span class='ocrx_word' id='word_1_168' title='bbox 944 2662 1097 2740; x_wconf 87' lang='lat' dir='ltr'><strong>paulatim</strong></span> 
     </span>
    </p>
   </div>
   <div class='ocr_carea' id='block_1_3' title="bbox 55 2740 1096 2831">
    <p class='ocr_par' dir='ltr' id='par_1_3' title="bbox 55 2740 1096 2831">
     <span class='ocr_line' id='line_1_26' title="bbox 55 2740 1096 2831; baseline 0.01 -21"><span class='ocrx_word' id='word_1_169' title='bbox 55 2740 63 2758; x_wconf 78' lang='lat'>¹</span> <span class='ocrx_word' id='word_1_170' title='bbox 165 2753 269 2812; x_wconf 85' lang='lat' dir='ltr'><strong>tamen</strong></span> <span class='ocrx_word' id='word_1_171' title='bbox 279 2750 431 2813; x_wconf 86' lang='lat' dir='ltr'><strong>obsolevit</strong></span> <span class='ocrx_word' id='word_1_172' title='bbox 440 2753 472 2811; x_wconf 89' lang='lat' dir='ltr'><strong>in</strong></span> <span class='ocrx_word' id='word_1_173' title='bbox 483 2752 686 2831; x_wconf 80' lang='lat' dir='ltr'><strong>occidentali,</strong></span> <span class='ocrx_word' id='word_1_174' title='bbox 699 2755 778 2816; x_wconf 88' lang='lat' dir='ltr'><strong>adeo</strong></span> <span class='ocrx_word' id='word_1_175' title='bbox 789 2763 824 2816; x_wconf 90' lang='lat' dir='ltr'><strong>ut</strong></span> <span class='ocrx_word' id='word_1_176' title='bbox 838 2774 909 2818; x_wconf 88' lang='lat' dir='ltr'><strong>saec.</strong></span> <span class='ocrx_word' id='word_1_177' title='bbox 929 2773 973 2818; x_wconf 87' lang='lat' dir='ltr'><strong>xrr</strong></span> <span class='ocrx_word' id='word_1_178' title='bbox 991 2761 1022 2818; x_wconf 90' lang='lat' dir='ltr'><strong>et</strong></span> <span class='ocrx_word' id='word_1_179' title='bbox 1038 2773 1096 2820; x_wconf 87' lang='lat' dir='ltr'><strong>xnr</strong></span> 
     </span>
    </p>
   </div>
   <div class='ocr_carea' id='block_1_4' title="bbox 163 2849 1099 3600">
    <p class='ocr_par' dir='ltr' id='par_1_4' title="bbox 163 2849 1099 3384">
     <span class='ocr_line' id='line_1_27' title="bbox 165 2849 1093 2934; baseline 0.008 -26"><span class='ocrx_word' id='word_1_180' title='bbox 165 2849 336 2925; x_wconf 89' lang='lat' dir='ltr'><strong>spontanee</strong></span> <span class='ocrx_word' id='word_1_181' title='bbox 359 2849 517 2934; x_wconf 88' lang='lat' dir='ltr'><strong>transierit</strong></span> <span class='ocrx_word' id='word_1_182' title='bbox 543 2852 576 2910; x_wconf 92' lang='lat' dir='ltr'><strong>in</strong></span> <span class='ocrx_word' id='word_1_183' title='bbox 605 2850 843 2914; x_wconf 88' lang='lat' dir='ltr'><strong>desuetudinem</strong></span> <span class='ocrx_word' id='word_1_184' title='bbox 871 2855 1093 2916; x_wconf 88' lang='lat' dir='ltr'><strong>universalem.</strong></span> 
     </span>
     <span class='ocr_line' id='line_1_28' title="bbox 166 2943 1095 3024; baseline 0.008 -18"><span class='ocrx_word' id='word_1_185' title='bbox 166 2943 231 3006; x_wconf 89' lang='lat' dir='ltr'><strong>Sub</strong></span> <span class='ocrx_word' id='word_1_186' title='bbox 245 2946 339 3005; x_wconf 88' lang='lat' dir='ltr'><strong>finem</strong></span> <span class='ocrx_word' id='word_1_187' title='bbox 355 2963 426 3006; x_wconf 84' lang='lat' dir='ltr'><strong>saec.</strong></span> <span class='ocrx_word' id='word_1_188' title='bbox 443 2962 507 3024; x_wconf 87' lang='lat' dir='ltr'><strong>xrv,</strong></span> <span class='ocrx_word' id='word_1_189' title='bbox 531 2949 641 3010; x_wconf 87' lang='lat' dir='ltr'><strong>Petrus</strong></span> <span class='ocrx_word' id='word_1_190' title='bbox 661 2948 844 3010; x_wconf 87' lang='lat' dir='ltr'><strong>Dresdensis</strong></span> <span class='ocrx_word' id='word_1_191' title='bbox 868 2953 900 3011; x_wconf 91' lang='lat' dir='ltr'><strong>et</strong></span> <span class='ocrx_word' id='word_1_192' title='bbox 916 2950 1095 3013; x_wconf 84' lang='lat' dir='ltr'><strong>Jacobellus</strong></span> 
     </span>
     <span class='ocr_line' id='line_1_29' title="bbox 165 3037 1097 3119; baseline 0.008 -19"><span class='ocrx_word' id='word_1_193' title='bbox 165 3037 339 3116; x_wconf 90' lang='lat' dir='ltr'><strong>Misnensis,</strong></span> <span class='ocrx_word' id='word_1_194' title='bbox 370 3055 447 3119; x_wconf 87' lang='lat' dir='ltr'><strong>quos</strong></span> <span class='ocrx_word' id='word_1_195' title='bbox 467 3041 588 3118; x_wconf 83' lang='lat' dir='ltr'><strong>excepit</strong></span> <span class='ocrx_word' id='word_1_196' title='bbox 609 3043 680 3104; x_wconf 90' lang='lat' dir='ltr'><strong>Hns-</strong></span> <span class='ocrx_word' id='word_1_197' title='bbox 694 3059 766 3103; x_wconf 84' lang='lat' dir='ltr'><strong>saec.</strong></span> <span class='ocrx_word' id='word_1_198' title='bbox 790 3057 830 3103; x_wconf 85' lang='lat' dir='ltr'><strong>xv</strong></span> <span class='ocrx_word' id='word_1_199' title='bbox 851 3043 993 3118; x_wconf 87' lang='lat' dir='ltr'><strong>ineunte,</strong></span> <span class='ocrx_word' id='word_1_200' title='bbox 1016 3044 1097 3106; x_wconf 90' lang='lat' dir='ltr'><strong>inci-</strong></span> 
     </span>
     <span class='ocr_line' id='line_1_30' title="bbox 163 3133 1092 3219; baseline 0.009 -27"><span class='ocrx_word' id='word_1_201' title='bbox 163 3133 254 3212; x_wconf 88' lang='lat' dir='ltr'><strong>piunt</strong></span> <span class='ocrx_word' id='word_1_202' title='bbox 268 3135 430 3201; x_wconf 73' lang='lat' dir='ltr'><strong>decertare</strong></span> <span class='ocrx_word' id='word_1_203' title='bbox 445 3155 502 3214; x_wconf 86' lang='lat' dir='ltr'><strong>pro</strong></span> <span class='ocrx_word' id='word_1_204' title='bbox 517 3137 736 3214; x_wconf 79' lang='lat' dir='ltr'><strong>communione</strong></span> <span class='ocrx_word' id='word_1_205' title='bbox 751 3137 809 3198; x_wconf 92' lang='lat' dir='ltr'><strong>sub</strong></span> <span class='ocrx_word' id='word_1_206' title='bbox 823 3141 955 3216; x_wconf 88' lang='lat' dir='ltr'><strong>utraque</strong></span> <span class='ocrx_word' id='word_1_207' title='bbox 969 3141 1092 3219; x_wconf 90' lang='lat' dir='ltr'><strong>specie,</strong></span> 
     </span>
     <span class='ocr_line' id='line_1_31' title="bbox 164 3231 1099 3316; baseline 0.012 -29"><span class='ocrx_word' id='word_1_208' title='bbox 164 3231 252 3306; x_wconf 85' lang='lat' dir='ltr'><strong>qnasi</strong></span> <span class='ocrx_word' id='word_1_209' title='bbox 267 3234 406 3294; x_wconf 89' lang='lat' dir='ltr'><strong>Ecclesia</strong></span> <span class='ocrx_word' id='word_1_210' title='bbox 424 3235 474 3294; x_wconf 90' lang='lat' dir='ltr'><strong>vel</strong></span> <span class='ocrx_word' id='word_1_211' title='bbox 492 3233 685 3313; x_wconf 82' lang='lat' dir='ltr'><strong>ignoraverit</strong></span> <span class='ocrx_word' id='word_1_212' title='bbox 702 3235 752 3295; x_wconf 89' lang='lat' dir='ltr'><strong>vel</strong></span> <span class='ocrx_word' id='word_1_213' title='bbox 771 3235 994 3314; x_wconf 85' lang='lat' dir='ltr'><strong>contempserit</strong></span> <span class='ocrx_word' id='word_1_214' title='bbox 1006 3237 1099 3316; x_wconf 79' lang='lat' dir='ltr'><strong>leges·</strong></span> 
     </span>
     <span class='ocr_line' id='line_1_32' title="bbox 164 3323 729 3384; baseline 0.011 -2"><span class='ocrx_word' id='word_1_215' title='bbox 164 3323 296 3384; x_wconf 87' lang='lat' dir='ltr'><strong>Domini.</strong></span> <span class='ocrx_word' id='word_1_216' title='bbox 728 3333 729 3336; x_wconf 76' lang='grc'>’</span> 
     </span>
    </p>

    <p class='ocr_par' dir='ltr' id='par_1_5' title="bbox 163 3418 1091 3600">
     <span class='ocr_line' id='line_1_33' title="bbox 203 3418 1091 3500; baseline 0.015 -23"><span class='ocrx_word' id='word_1_217' title='bbox 203 3418 307 3478; x_wconf 84' lang='lat' dir='ltr'><strong>Rebus</strong></span> <span class='ocrx_word' id='word_1_218' title='bbox 331 3423 375 3482; x_wconf 90' lang='lat' dir='ltr'><strong>sic</strong></span> <span class='ocrx_word' id='word_1_219' title='bbox 400 3421 572 3500; x_wconf 89' lang='lat' dir='ltr'><strong>stantibus,</strong></span> <span class='ocrx_word' id='word_1_220' title='bbox 598 3423 740 3487; x_wconf 90' lang='lat' dir='ltr'><strong>habitum</strong></span> <span class='ocrx_word' id='word_1_221' title='bbox 762 3431 809 3488; x_wconf 88' lang='lat' dir='ltr'><strong>est</strong></span> <span class='ocrx_word' id='word_1_222' title='bbox 829 3445 901 3489; x_wconf 85' lang='lat' dir='ltr'><strong>saec.</strong></span> <span class='ocrx_word' id='word_1_223' title='bbox 925 3445 965 3489; x_wconf 86' lang='lat' dir='ltr'><strong>xv</strong></span> <span class='ocrx_word' id='word_1_224' title='bbox 994 3430 1091 3490; x_wconf 79' lang='lat' dir='ltr'><strong>donc.</strong></span> 
     </span>
     <span class='ocr_line' id='line_1_34' title="bbox 163 3515 1089 3600; baseline 0.014 -26"><span class='ocrx_word' id='word_1_225' title='bbox 163 3515 397 3576; x_wconf 79' lang='lat' dir='ltr'><strong>constantiense</strong></span> <span class='ocrx_word' id='word_1_226' title='bbox 414 3537 421 3578; x_wconf 76' lang='grc' dir='ltr'><strong>ε</strong></span> <span class='ocrx_word' id='word_1_227' title='bbox 439 3524 493 3580; x_wconf 90' lang='lat' dir='ltr'><strong>ant</strong></span> <span class='ocrx_word' id='word_1_228' title='bbox 507 3519 644 3583; x_wconf 88' lang='lat' dir='ltr'><strong>debebat</strong></span> <span class='ocrx_word' id='word_1_229' title='bbox 656 3539 807 3584; x_wconf 87' lang='lat' dir='ltr'><strong>revocare</strong></span> <span class='ocrx_word' id='word_1_230' title='bbox 826 3527 965 3599; x_wconf 75' lang='lat' dir='ltr'><strong>peterem</strong></span> <span class='ocrx_word' id='word_1_231' title='bbox 982 3525 1089 3600; x_wconf 85' lang='lat' dir='ltr'><strong>ritum,</strong></span> 
     </span>
    </p>
   </div>
   <div class='ocr_carea' id='block_1_5' title="bbox 0 0 1242 4022">
    <p class='ocr_par' dir='ltr' id='par_1_6' title="bbox 0 0 1242 4022">
     <span class='ocr_line' id='line_1_35' title="bbox 0 0 1242 4022; baseline 0 7"><span class='ocrx_word' id='word_1_232' title='bbox 0 0 1242 4022; x_wconf 95' lang='lat' dir='ltr'><strong> </strong></span> 
     </span>
    </p>
   </div>
  </div>
 </body>
</html>
