2476 4022
182 248 201 308 6
389 263 618 310 msmrurrouns
639 264 720 310 sums
742 264 897 311 canonici.

180 425 254 483 som,
271 426 360 488 osque
374 406 414 468 od
426 407 697 468 consummationem
710 407 807 470 secoli.
824 411 879 471 Est
898 428 973 490 orgo
992 411 1112 490 praedi-

181 505 261 566 catio
285 504 372 566 verbi
401 505 456 565 Dei
484 505 598 566 divinae
626 505 844 584 institutionis,
875 510 906 567 et
933 513 1107 588 perpetua,

180 601 409 681 singularisque
428 600 456 662 ei
474 600 651 662 assistentia
668 601 822 679 promissa
846 606 893 664 cst
914 621 953 664 ne
974 609 1106 669 arraret.

219 700 256 760 ll.
272 700 346 760 llaec
360 700 467 760 autem
483 715 534 759 ras
553 701 737 760 conservata
757 717 883 778 semper
902 701 932 761 in
952 703 1109 766 catholica

179 795 317 856 Ecclesia
331 794 437 872 plures
447 793 574 855 admisit
587 794 708 872 species
718 798 750 857 ct
758 796 868 858 modos
879 796 1105 876 disciplinares,

175 889 267 970 juxta
281 893 376 952 finem
395 890 564 969 specialem
584 891 634 952 cui
653 891 772 954 directa
790 895 847 968 est,
863 893 913 954 vel
934 895 1107 955 secundum

178 986 307 1047 modum
321 993 376 1047 aut
389 989 513 1064 tempus
528 1005 589 1066 quo
604 987 776 1064 perficitur.

218 1083 349 1145 Ratione
363 1083 431 1161 finis
444 1081 585 1162 prosimi.
602 1084 659 1144 Hic
673 1083 743 1144 linis
758 1083 808 1145 vel
822 1085 985 1148 conversio
1000 1088 1107 1149 estvel

117 1191 120 1196 ·
178 1179 300 1240 cultura
313 1179 466 1258 specialis.
485 1179 517 1241 Si
533 1182 580 1241 est
593 1179 664 1240 flnis
683 1179 814 1258 simplex
835 1180 902 1242 haec
923 1183 1054 1259 cultura,
1071 1186 1108 1246 ut

177 1295 289 1355 nempe
313 1278 476 1339 audientes
499 1278 531 1337 in
553 1277 605 1339 via
627 1277 701 1339 fidei
725 1282 757 1340 et
784 1279 955 1341 sanctitatis
978 1299 1107 1360 progra-

177 1371 312 1447 dinntnr,
327 1377 403 1432 tuno
417 1372 532 1432 dicitur
544 1371 595 1448 pio
607 1371 761 1432 institutio.
778 1371 810 1433 Si
824 1390 899 1433 vcro
914 1372 988 1442 imis¹
999 1374 1107 1452 proxi-

176 1486 246 1528 mus
270 1472 318 1530 est
340 1467 515 1542 conversio,
539 1470 615 1529 tuno
639 1466 754 1529 dicitur
776 1467 882 1528 missio.
902 1470 976 1528 llaec
999 1474 1105 1530 autem

175 1565 360 1638 potestesse
374 1560 424 1621 vel
438 1559 566 1638 propria
579 1560 631 1621 vsl
644 1559 827 1640 impropria.
844 1560 960 1622 Prioris
974 1562 1043 1623 finis
1057 1565 1106 1624 cst

175 1657 337 1719 conversio
352 1655 547 1717 audientium
562 1655 601 1716 dc
616 1656 800 1718 infidelitate
810 1655 851 1717 ad
861 1656 973 1730 fidem;
988 1657 1106 1736 impro-

174 1752 321 1830 palaest,
346 1769 416 1811 cum
436 1751 507 1812 finis
524 1751 569 1812 'sit
587 1751 749 1813 conversio
768 1750 963 1813 audientium
982 1771 1002 1812 a
1019 1755 1103 1814 statu

173 1847 294 1927 pcccati
309 1848 349 1908 ad
364 1849 479 1909 statum
493 1848 624 1925 gratiae3
646 1865 708 1926 quo
727 1863 821 1908 sensu
840 1845 940 1908 solent
958 1847 1053 1908 indici
1070 1847 1103 1906 in

174 1939 359 2004 diaecesibus
389 1942 534 2003 catholici
558 1941 644 2004 orbis
671 1940 835 2016 missiones,
862 1959 959 2021 quum
979 1958 1103 2002 morum

174 2035 415 2099 christianorum
429 2038 610 2100 reformatio
625 2036 833 2099 desideratur.

213 2132 345 2194 Ratione
360 2132 448 2209 modi,
466 2133 519 2214 qui
542 2151 610 2194 esse
631 2137 735 2211 potest
754 2133 804 2194 vel
824 2132 1034 2211 panegyricus
1051 2133 1117 2194 vsl'

94 2292 97 2296 ,
174 2227 607 2308 catechaticus.Panopyriras
621 2227 755 2290 simodo
771 2227 906 2288 oratorio
917 2229 1102 2290 evolvantur

171 2320 282 2384 laudes
305 2323 418 2386 Christi
440 2327 471 2386 et
492 2325 698 2396 Sanctorum
727 2320 933 2399 retentatione,
960 2322 986 2384 si
1010 2323 1102 2384 iami-

172 2413 241 2568 {iari
260 2434 404 2477 sermone
423 2415 626 2479 instituantur
644 2415 809 2478 audientes
827 2415 858 2476 in
877 2415 939 2477 ilde
958 2419 990 2478 et
1007 2415 1102 2478 mori·

195 2527 242 2568 us.

212 2603 343 2666 Ratione
367 2605 513 2684 temporis.
541 2604 636 2667 Aliud
660 2606 707 2665 est
733 2610 858 2682 tempus
885 2603 1101 2666 extramdina-

172 2699 265 2776 rium,
277 2699 363 2760 aliud
378 2699 572 2762 ordinarium
586 2717 648 2780 qpo
663 2699 902 2779 praedicationes
916 2699 947 2760 in
962 2699 1100 2764 Ecclesia

171 2795 252 2855 liunt
267 2814 274 2854 :
292 2794 381 2856 Unde
396 2795 577 2874 pradicatio
593 2794 840 2856 extraordinaria
859 2794 909 2855 vol
929 2794 1098 2856 ordinaria.

171 2887 307 2964 Tempus
322 2887 605 2948 extraordinarium
620 2905 677 2964 pro
696 2886 919 2965 predicatione
939 2892 985 2948 cst
1002 2886 1100 2948 alicu-

168 2979 220 3059 jus
235 2980 401 3061 singularis
418 2981 487 3043 festi
502 3000 647 3043 recursus
661 2981 711 3042 vel
725 2981 857 3062 alicujus
871 2981 1003 3060 proximi
1016 2981 1101 3060 peri·

171 3075 232 3134 culi
256 3077 425 3154 spiritualis
449 3077 499 3138 vel
526 3076 708 3155 temporalis
735 3076 868 3138 occasio.
899 3075 1099 3138 Ordinarium

170 3170 293 3247 tempus
308 3176 380 3233 sunt
394 3172 463 3234 festi
478 3171 545 3232 dias
560 3170 709 3232 ordinarii
725 3189 780 3232 seu
799 3171 957 3247 dominici,
974 3174 1099 3250 tempus

171 3265 251 3325 sacri
272 3267 425 3328 adventus
447 3273 478 3331 at
499 3253 759 3347 quadragesimae.
778 3266 866 3328 Unde
882 3267 930 3328 hae
945 3264 1100 3344 pradica-

170 3360 271 3422 tionss
285 3362 417 3423 audiunt
430 3363 479 3424 vel
494 3362 727 3442 explanationes
742 3360 907 3441 evangelii,
921 3360 971 3422 vel
985 3359 1099 3438 praedi·

171 3457 308 3520 cationes
318 3457 616 3538 quadragesimales,
633 3463 692 3520 etc.
