2476 4022
374 326 414 370 nn
435 325 665 400 careremus
688 323 841 372 csuourcr.
1031 316 1070 374 45

135 475 175 535 de
185 471 353 551 disciplina
367 469 516 533 Ecclesiae
527 468 610 530 circa
620 470 824 533 Eucharistiae
838 475 1070 534 sacramentum

134 569 373 630 consideratum
397 565 428 625 in
449 582 506 625 sua
529 565 756 642 celebratione,
778 583 834 626 seu
854 564 887 625 in
911 572 982 626 actu
1006 581 1068 644 quo

134 663 312 738 conficitur,
328 693 370 704 -
382 663 414 720 2⁰
428 661 554 738 Loquar
569 657 608 718 de
623 657 789 736 disciplina
807 657 890 718 circa
904 657 1069 718 Eucharis-

132 762 210 826 tiam
234 757 469 822 consideratam
494 755 526 815 in
549 773 585 815 re
607 754 820 833 permanenti,
837 771 891 814 eeu
916 759 1069 834 quatenus

133 858 359 938 permanenter
372 853 529 916 Christum
544 854 732 931 presentem
747 849 896 917 continet.
925 895 928 900 -

448 1024 600 1081 reamare
611 989 762 1068 mauretus.

173 1143 322 1205 illlam
346 1146 413 1205 tum
432 1161 451 1202 a
468 1141 579 1222 primis
602 1141 749 1204 Ecclesiae
774 1142 896 1204 seculis
920 1159 988 1204 mos
1011 1140 1071 1202 fuit

134 1237 366 1300 Eucharistiam
381 1237 541 1298 celebrare
552 1254 615 1298 non
626 1237 664 1297 iis
679 1237 781 1298 solum
795 1239 943 1297 contenta
957 1235 1069 1298 ritibus

135 1330 188 1412 qni
204 1350 244 1392 ex
259 1329 373 1391 Christi
392 1329 586 1412 institutione
606 1330 814 1392 essentialiter
833 1328 980 1390 servandi
997 1331 1070 1391 sunt

135 1429 169 1488 nt
182 1425 383 1487 Eucharistia
395 1425 566 1500 habeatur,
583 1425 640 1486 sed
655 1424 761 1503 plnres
782 1424 902 1486 addens
916 1442 1068 1487 caeremo-

136 1524 203 1583 nias
218 1531 250 1583 et
264 1522 353 1598 ritus,
371 1520 485 1601 quibus
506 1521 650 1582 attidem
672 1539 763 1582 suam
783 1539 858 1601 erga
880 1522 940 1582 hoe
961 1539 1068 1584 sacra·

135 1623 279 1678 mentum
303 1616 505 1694 exprimeret,
524 1618 555 1677 et
573 1619 698 1694 gratum
723 1615 818 1676 animi
842 1634 969 1678 sensum
993 1633 1069 1696 erga

136 1713 217 1773 hanc
230 1710 461 1772 institutionem
477 1710 649 1786 exhiberet,
662 1710 843 1794 etfidelium
857 1714 976 1773 mentes
987 1712 1068 1772 exei-

134 1814 225 1874 taret.
244 1813 324 1872 Nam
339 1810 412 1872 data
427 1803 590 1872 occasione
612 1810 832 1871 celebrationis
850 1809 1065 1888 Eucharistiae,

136 1909 165 1966 et
178 1904 293 1984 psalmi
308 1904 522 1965 recitabantur
537 1910 568 1964 et
581 1910 697 1965 sanetae
712 1903 876 1982 scriptura
887 1906 925 1966 V.
938 1906 969 1965 et
979 1904 1016 1964 N.
1030 1906 1065 1966 Τ.

134 1999 396 2080 potissimumque
416 1999 585 2079 evengelii3
604 1984 769 2079 episcopus
791 2001 845 2080 qui
859 2019 957 2062 sacrae
978 1999 1069 2061 func-

134 2096 209 2158 tioni
231 2098 369 2174 praeerat
390 2095 540 2174 populum
565 2094 798 2175 alloquebatur;
823 2095 1068 2174 supplicationes

134 2195 241 2274 plures
254 2192 373 2257 fiebant
388 2196 419 2253 et
432 2211 541 2272 preces
555 2212 612 2272 pro
627 2193 774 2255 Ecclesiae
789 2211 878 2272 pace,
895 2211 952 2271 pro
968 2197 1065 2273 impe-

134 2289 303 2365 ratoribuS,
320 2307 377 2366 pro
392 2289 554 2366 militibus,
570 2309 627 2368 pro
641 2288 785 2365 infirmia,
804 2306 861 2366 pro
885 2287 1019 2366 afflictio,
1036 2295 1069 2354 et

134 2403 187 2464 pro
203 2383 385 2445 hominihus
398 2386 451 2465 qui
466 2404 557 2465 opem
579 2386 733 2464 indigent,
750 2385 815 2445 sive
835 2383 915 2447 vivis
930 2383 996 2444 sive
1012 2384 1068 2445 de-

134 2479 263 2554 functis3
282 2479 408 2540 demum
423 2484 607 2544 consecrata
621 2480 818 2542 Eucharistia
833 2481 979 2543 omnibus
990 2480 1066 2542 fide-

133 2576 214 2638 libus
239 2576 446 2656 praesentibus
468 2577 726 2654 distribuebatur,
751 2577 934 2640 absentibus
962 2577 1069 2640 mitta-

133 2672 227 2736 batur
241 2679 309 2752 ‘per
332 2673 498 2748 diacouem
525 2678 558 2735 et
579 2673 707 2734 tandem
726 2675 863 2754 populus
885 2675 1069 2736 solemniter

136 2769 365 2832 dimittebatur.

173 2865 260 2927 Ordo
284 2883 415 2943 precum
438 2868 551 2928 harum
575 2866 714 2926 omnium
738 2870 769 2928 et
791 2866 1066 2944 caeremoniarum,

137 2979 234 3042 quum
261 2962 422 3040 publicum
457 2962 665 3023 ministerium
702 2979 828 3025 sacrum
855 2960 1066 3038 respicerent,

18 3053 19 3056 '
136 3059 227 3121 dictae
244 3058 368 3120 suntab
379 3059 507 3139 antiquo
521 3057 684 3137 Liturpr‘oe:
702 3059 868 3120 universus
881 3058 960 3118 ritus
975 3057 1068 3118 simul

136 3154 330 3233 complexive
340 3159 484 3234 sumptus
499 3155 601 3215 dictus
617 3159 663 3216 est
676 3155 802 3231 collecto,
814 3171 917 3233 graece
931 3154 1065 3234 sycosis,

113 3331 117 3340 Ι
137 3253 308 3334 agenerali
324 3253 420 3314 totius
435 3254 581 3314 Ecclesiae
601 3259 774 3340 conventu:
792 3251 886 3314 hodie
902 3254 967 3314 sive
982 3254 1067 3334 quod

136 3349 178 3410 ihi
201 3349 383 3411 immoletur
407 3351 510 3410 hostia
527 3369 547 3410 a
565 3353 630 3412 Deo
654 3350 765 3424 missa,
782 3349 847 3439 sive
871 3351 955 3430 quod
975 3351 1008 3410 in
1030 3369 1067 3410 eo

18 3443 20 3456 ’
137 3461 247 3522 preces
271 3444 379 3523 populi
411 3445 573 3509 christiani
595 3446 644 3506 ad*
660 3447 760 3505 Deum
794 3445 976 3525 mittantur,
1002 3447 1069 3508 siva

140 3539 223 3619 quod
239 3540 422 3602 solemniter
436 3541 571 3630 populus
583 3541 743 3604 functione
758 3542 881 3620 explete
895 3542 1069 3604 dimittetur
