2548 4020
408 311 447 354 nn
468 309 597 356 caruero
618 311 700 357 soors
723 312 878 360 csnourcr.
1050 304 1108 363 ala

177 473 216 518 eo
244 453 478 533 intelligebatur
503 453 724 516 contrahentes
744 453 844 534 jocari
868 456 1015 535 voluisse,
1045 478 1108 521 non

177 551 377 628 contrahere,
394 549 480 611 velot
494 550 518 609 si
530 549 695 612 dixissent:
709 550 860 613 Promitte
870 552 928 612 tibi
942 556 1109 630 pecuniam

177 651 204 712 si
225 649 341 710 coelom
361 646 513 726 tetigeris,
536 644 561 706 si
582 664 670 707 mare
691 646 865 709 ebiberis...
889 647 939 709 vel
963 648 1041 729 (jure
1065 651 1110 712 sic

175 742 400 826 praesnmente)
421 741 447 802 si
468 741 585 802 'litium
606 741 741 820 occides.
762 742 820 803 Jus
841 743 925 802 enim
945 761 1007 804 non
1028 764 1110 824 prae-

176 841 273 904 sumit
294 838 497 918 delinquendi
517 837 723 915 voluntatem,
747 840 778 899 et
799 839 921 902 etiamsi
938 841 1023 902 mala
1041 842 1109 904 haec

176 937 323 997 voluntas
337 932 441 1008 suerit,
458 949 522 992 non
537 930 604 991 vult
618 947 728 991 ansam
743 931 884 1010 praebere
904 931 1020 1009 delicti,
1037 950 1109 994 con-

174 1029 312 1090 tractum
326 1023 508 1086 sustinendo
524 1022 582 1084 sub
597 1023 778 1102 hujusmodi
791 1024 981 1086 conditione.

218 1123 326 1186 Simile
350 1122 403 1202 jus
427 1120 511 1200 qnod
535 1120 653 1182 obtinet
675 1120 707 1180 iu
730 1122 851 1183 caeteris
875 1123 1107 1199 contractibus,

172 1223 264 1301 juxta
298 1217 449 1295 Berardi,
486 1216 736 1296 protrahendum
770 1221 817 1278 est
851 1217 894 1293 ad
931 1219 1106 1299 sponsalia.

175 1317 256 1378 Diss.
273 1319 316 1392 2³,
334 1331 403 1393 cap.
419 1330 443 1391 1,
460 1333 491 1374 n.
509 1316 559 1374 32.

217 1412 281 1475 Sed
296 1411 457 1472 diversum
467 1409 520 1489 jus
534 1408 697 1472 obtinebat
709 1409 741 1469 in
752 1407 868 1470 ultimis
878 1409 1106 1488 voluntatibns;

174 1529 239 1572 non
255 1508 340 1570 enim
354 1507 435 1588 J‘oois
457 1512 489 1568 et
508 1505 629 1567 lusibus
649 1504 812 1586 indulgere
834 1506 1035 1585 praesnmitur
1056 1509 1110 1587 qui

174 1605 366 1688 cogitatione
379 1605 499 1680 mortis,
515 1603 738 1665 testamentum
757 1603 907 1681 condidit,
931 1608 986 1667 ant
1004 1605 1109 1684 pravis

173 1704 274 1767 animi
288 1701 425 1763 consiliis
444 1700 621 1780 indulgere,
643 1700 756 1779 quibus
776 1700 897 1762 etiamsi
915 1702 1106 1780 indulsisset,

173 1819 238 1862 non
267 1817 367 1878 usque
394 1797 435 1858 ad
462 1801 596 1858 mortem
623 1797 830 1876 pervicaciter
852 1799 1019 1861 indulsisse
1040 1819 1109 1862 cre-

173 1895 316 1958 dendum
330 1900 389 1971 est,
406 1897 437 1956 et
451 1893 579 1973 quidem
600 1911 637 1954 eo
658 1887 776 1956 mortis
784 1897 927 1975 tempore
947 1913 1010 1975 quo
1025 1895 1109 1956 viras

173 1990 294 2051 habere
308 1987 418 2068 incipit
431 1989 666 2050 testamentum.

214 2083 433 2146 Praesumebat
449 2083 545 2163 igitur
562 2081 611 2142 lex
631 2083 794 2144 testatores
815 2081 1003 2160 cogitatione
1023 2101 1110 2144 mor-

172 2182 304 2246 talitatis
328 2180 407 2242 adeo
432 2179 600 2259 aliqnando
622 2177 758 2255 turbari,
777 2183 812 2237 ut
831 2178 859 2238 si
878 2197 949 2258 quae
970 2179 1011 2240 eb
1031 2180 1109 2259 ipsis

172 2278 370 2342 conditiones
382 2276 677 2358 quomodocumque
688 2274 897 2353 impossibiles
907 2274 1105 2354 adjiciantur,

172 2375 279 2456 potius
295 2391 332 2434 ex
351 2372 447 2433 animi
466 2371 704 2450 perturbatione
724 2387 818 2450 quam
841 2368 1013 2430 deliberato
1034 2387 1109 2430 oon-

173 2471 243 2532 silio
258 2469 390 2550 adjectae
405 2468 587 2541 videantur3
603 2467 738 2546 ideoque
757 2465 796 2526 iis
815 2483 877 2527 non
897 2465 1106 2542 obstantibus,

173 2568 350 2632 sustinebat
374 2567 537 2629 haeredum
557 2564 778 2642 institutiones,
803 2565 919 2646 legata,
945 2564 1108 2628 fideicom-

173 2684 281 2728 missa.
352 2687 355 2690 ·

160 2823 162 2827 ,
214 2758 365 2822 Similiter
379 2763 410 2818 et
424 2755 618 2818 conditiones
637 2756 720 2819 iacto
734 2756 784 2818 vel
795 2755 867 2838 jure
882 2757 1104 2836 impossibiles

173 2853 374 2915 matrimonio
389 2851 552 2931 apposita,
574 2851 793 2915 existimantur
811 2853 899 2932 qnasi
919 2853 1107 2915 excidissent

173 2947 295 3028 sponsis
309 2947 370 3010 elio
386 2947 541 3010 distractis
556 2965 574 3009 a
587 2948 773 3028 gravissima
794 2948 840 3008 rei
854 2947 1001 3027 gerendae
1022 2947 1108 3026 cogi-

173 3044 301 3106 tatione.
577 3040 583 3048 '

213 3139 294 3211 Quid
315 3141 422 3202 autem
445 3138 471 3198 si
495 3140 605 3201 contra
625 3137 805 3219 hujusmodi
827 3134 1105 3215 praesumptionem

173 3225 315 3296 asserant
330 3234 551 3316 contrahentes
566 3234 687 3296 stetisse
701 3232 775 3294 facti
795 3233 970 3308 veritatem,
990 3231 1024 3292 id
1044 3236 1101 3310 est,

172 3327 272 3388 sesub
281 3326 890 3406 conditioneimpossibilimatrimoniom
899 3327 1102 3402 contraxisse,

173 3423 248 3502 quia
261 3423 382 3483 nullum
396 3424 556 3485 habebant
569 3423 710 3484 animum
724 3420 941 3500 contrahendi,
953 3423 1010 3498 sed
1019 3422 1104 3486 vole-

171 3518 250 3582 bant
263 3518 307 3581 sio
321 3519 453 3582 illudere
468 3526 499 3582 et
510 3519 630 3602 jocari?
648 3580 651 3586 .
