2530 4016
405 286 444 330 na
466 285 594 332 caruero
614 287 697 332 rurus
718 287 874 336 cruorum.
1046 280 1101 339 hil

172 433 295 508 dereut,
313 429 402 493 etita
417 429 553 491 officium
569 429 709 492 divinum
729 431 859 512 singulis
878 434 968 494 annis
986 437 1105 514 persol-

172 528 312 590 vendum
326 544 388 587 uno
403 527 468 586 ictu
487 527 650 588 oculorum
668 533 836 608 appareret
855 548 912 608 pro
934 531 1104 594 directione

172 641 335 688 sacrarum
348 624 618 699 ceremoniarum,
637 625 697 684 hoc
712 626 842 686 artificio
857 643 914 686 usa
928 630 975 687 est
995 647 1002 688 :

214 723 342 799 Septem
356 719 513 798 prioribus
528 719 637 781 litteris
652 721 812 800 alphabeti
827 721 915 782 latini
930 723 1106 803 designavit

173 821 295 898 septem
313 815 380 877 dies
401 814 608 876 hebdomadae
631 817 848 878 ecclesiastieae
870 834 986 896 easque
1007 837 1105 899 prope

174 912 313 992 singulos
341 911 408 972 dies
437 910 510 972 anni
534 909 633 972 civilia
661 912 721 974 hoe
749 913 859 974 ordine
887 913 1104 993 disposuitzh

174 1009 317 1089 margine
331 1007 423 1089 primi
439 1007 502 1068 diei
513 1005 651 1087 januarii
664 1009 785 1073 notavit
793 1008 929 1070 litteram
939 1011 978 1072 A.
988 1013 1014 1070 A
1025 1028 1105 1072 mar-

173 1108 245 1187 gine
260 1105 391 1167 secundi
405 1103 466 1166 diei
481 1105 601 1166 notavit
614 1104 752 1168 litteram
766 1106 790 1165 Β
804 1126 812 1180 ;
833 1125 852 1166 a
865 1107 1006 1186 margine
1021 1105 1104 1169 tertii

172 1193 310 1266 litteram
324 1203 385 1263 G...
402 1219 422 1261 a
436 1200 576 1280 margine
592 1200 716 1280 septimi
732 1201 795 1262 diei
807 1201 945 1262 litteram
965 1205 1000 1264 G.
1025 1204 1106 1265 Gou-

173 1297 336 1360 summatis
356 1297 401 1358 ita
424 1300 544 1375 septem
569 1294 699 1371 litteris,
721 1301 843 1372 septem
862 1296 972 1357 diebus
995 1297 1104 1374 primae

174 1392 381 1468 hebdomada
396 1393 528 1453 alteram
543 1393 574 1452 et
588 1394 755 1469 sequentes
766 1385 981 1454 hebdomadas
993 1392 1105 1454 eodem

172 1489 266 1551 modo
282 1487 555 1566 contradistinguit
569 1487 669 1548 donee
684 1486 909 1548 consummatis
928 1491 967 1561 52
982 1487 1104 1549 hebdo-

173 1586 275 1648 madis
289 1583 435 1646 videlieet
448 1587 506 1646 364
522 1584 642 1661 diebus,
660 1583 743 1644 diem
758 1584 832 1644 anni
842 1590 1036 1662 postremum
1051 1585 1105 1665 qui

172 1683 315 1762 superest
327 1684 478 1760 tanquam
491 1680 614 1744 initium
629 1680 790 1760 sequentis
810 1680 1031 1758 hebdomadae,
1049 1698 1105 1742 no-

174 1779 220 1838 tat
233 1775 339 1836 littera
352 1776 390 1837 A.

213 1873 360 1934 Jamvero
375 1887 447 1930 cum
462 1867 501 1929 de
516 1872 636 1948 septem
648 1869 682 1929 in
696 1872 817 1946 septem
832 1869 899 1930 dies
920 1870 1040 1931 eaedem
1053 1869 1105 1931 lit-

174 1971 250 2029 terae
261 1967 459 2044 repetantur,
473 1965 579 2026 littera
593 1982 663 2044 quae
679 1964 823 2043 designat
836 1981 932 2024 uuam
947 1965 1060 2025 seriem
1072 1966 1105 2024 in

167 2081 238 2148 'una
251 2061 411 2141 categoria
425 2061 568 2140 designat
586 2059 618 2120 in
634 2060 790 2137 omnibus,
808 2079 877 2140 quae
893 2060 1037 2140 designat
1052 2062 1104 2122 do·

173 2158 320 2218 mininam
333 2157 366 2217 in
381 2157 481 2236 primo
498 2157 673 2236 septenario
694 2155 838 2236 designat
859 2157 891 2216 in
912 2158 1033 2218 caeteris
1047 2175 1104 2236 pro

173 2257 238 2314 toto
254 2270 347 2313 anno.
364 2253 412 2313 Ita
426 2269 473 2312 ex.
491 2271 522 2330 g.
540 2269 641 2312 annus
656 2268 794 2328 praesens
810 2253 887 2313 1858
902 2251 997 2328 eoepit
1015 2269 1035 2312 a
1055 2251 1104 2311 die

174 2347 297 2410 veneris
311 2366 331 2409 a
344 2347 423 2408 faria
437 2363 487 2421 v1;
504 2365 580 2426 ergo
596 2349 622 2406 A
637 2346 815 2426 designabit
829 2363 938 2406 omnes
957 2345 1051 2406 ferias
1072 2364 1105 2408 vr

174 2444 336 2522 praesentis
351 2443 435 2518 anni,
461 2445 497 2520 B,
521 2443 627 2504 omnia
649 2441 799 2516 sabbata;
817 2443 855 2518 G,
873 2459 981 2502 omnes
1005 2441 1107 2502 domi-

173 2541 271 2601 nicas.
288 2541 362 2600 Haec
376 2538 481 2601 littera
495 2556 565 2618 quae
580 2539 683 2616 signat
702 2537 873 2598 dominicas
897 2537 970 2598 anni
992 2537 1107 2600 dicitur

172 2635 363 2696 dominicalis.
394 2635 512 2696 Desinit
538 2640 644 2694 autem
663 2651 764 2694 annus
786 2652 858 2694 oum
875 2635 981 2696 littera
1001 2639 1027 2696 A
1051 2655 1106 2696 seu

174 2747 245 2791 cum
260 2731 371 2792 eadem
385 2729 464 2790 feria
479 2747 510 2792 vr
526 2748 595 2809 quae
606 2729 754 2807 incoepit3
773 2749 849 2811 ergo
861 2749 1105 2811 aequensannus

174 2825 301 2905 incipiet
324 2844 344 2887 a
366 2826 517 2902 sabbato,
538 2825 670 2905 proinde
689 2828 932 2907 sequentianno
952 2829 1056 2889 littera
1079 2831 1105 2888 A

172 2920 325 2983 indicabit
348 2922 533 2996 sabbatum3
560 2922 665 2983 littera
684 2922 878 2984 dominicalis
894 2924 953 2983 crit
973 2923 1008 2999 B.
1035 2925 1107 2982 Pari

176 3018 269 3079 modo
285 3037 472 3080 cumeanus
487 3019 609 3080 desinat
627 3019 658 3080 in
678 3037 749 3079 eam
767 3018 878 3080 feriam
898 3037 918 3079 a
936 3035 998 3098 qua
1019 3017 1107 3078 duxit

176 3110 359 3188 exordium,
398 3129 533 3191 sequeus
561 3129 663 3172 annus
694 3111 815 3172 desinet
843 3109 893 3170 die
923 3110 1045 3171 sabbati
1076 3114 1107 3171 et

175 3211 343 3286 propterea
356 3209 382 3269 A
398 3209 457 3268 erit
470 3208 575 3270 littera
591 3206 786 3269 dominicalis
806 3207 880 3267 anni
895 3209 983 3270 1860.
999 3253 1001 3257 .
1027 3233 1030 3238 ·

216 3305 285 3366 Uno
308 3303 404 3366 verbo
425 3304 452 3367 ai
472 3321 581 3366 omnes
605 3303 679 3363 anni
708 3305 887 3366 constarent
913 3306 970 3364 365
996 3303 1106 3365 diebus

176 3400 322 3463 videlicet
338 3420 398 3464 uno
413 3406 536 3465 tantum
551 3402 601 3464 die
616 3403 732 3480 praeter
745 3404 783 3462 52
805 3400 1020 3462 hebdomadas
1035 3418 1107 3463 cum

178 3495 308 3576 singulis
335 3499 425 3561 annis
448 3497 559 3560 eadem
582 3497 685 3560 littera
706 3499 732 3560 A
753 3497 991 3576 conduplicetur
1006 3496 1107 3575 desig-
