2504 4024
144 274 201 333 156
354 278 583 328 rrsrrrurmuns
603 279 686 344 sunnis
701 264 863 324 'esuourou

144 434 178 495 ut
191 428 376 492 eontraetus
394 428 426 486 et
446 425 677 484 sacramentum
695 419 817 495 existat,
839 375 918 499 quas
935 419 1005 499 ipsa
1019 420 1076 481 de-

144 524 301 599 terminat,
318 524 420 601 potest
442 520 518 580 alias
543 518 637 580 etiam
660 515 777 577 addere
801 514 1002 594 prohibentes
1023 517 1076 576 vel

144 621 302 682 irritantes
316 616 521 690 conditiones,
538 630 617 694 quas
631 615 719 673 aetus
734 609 904 687 moralitas,
921 612 971 673 vel
985 630 1076 673 sano-
1146 664 1149 668 .
1242 691 1243 704 χ

144 717 217 777 titas
237 716 268 774 et
288 711 448 772 veneratio
463 707 660 782 sacramenti,
680 724 736 784 pro
755 705 839 767 bono
857 706 997 766 fidelium
1016 707 1077 785 ipsi

145 809 359 889 representat,
377 824 440 866 non
461 805 502 865 ad
523 803 583 864 hoo
604 809 640 862 ut
658 802 801 863 immutet
821 801 968 864 oonnubii
987 802 1076 862 subs-

145 906 287 980 tantiam,
303 901 359 962 sed
374 905 408 962 ut
421 898 598 961 inhabilitat
611 899 671 958 sibi
684 897 825 960 subditos
840 899 880 958 ad
895 897 938 958 sio
954 901 1078 959 eontra-

146 1000 294 1074 hendum,
310 1014 368 1077 pro
383 1013 439 1057 suo
455 999 487 1058 ot
499 995 595 1058 totius
609 994 766 1056 societatis
781 993 963 1056 Ghristianae
977 995 1076 1057 bono.

146 1099 219 1156 Haeo
240 1093 324 1154 enim
346 1092 451 1153 omnia
469 1090 510 1152 ad
529 1090 689 1151 vinculum
707 1090 935 1154 matrimoniale
950 1090 1079 1152 relatio-

146 1209 219 1252 nem
233 1189 352 1251 diount.
1089 1181 1093 1188 ’

185 1289 217 1348 3⁰
228 1286 262 1348 Si
276 1301 378 1346 causeo
393 1283 581 1345 intercidant
596 1301 665 1363 qnae
676 1281 836 1344 vinoulum
846 1281 1078 1345 matrimoniale
1122 1279 1126 1286 '

146 1384 265 1445 diraoto
280 1382 451 1461 respiciunt
464 1382 516 1442 vel
534 1380 782 1442 contrahendum
800 1380 851 1442 vel
869 1386 1077 1458 contractum,

145 1478 206 1541 illae
222 1496 330 1540 omnes
345 1477 412 1538 foro
428 1476 637 1539 eeclesiastico
651 1480 849 1538 revocantur.

186 1577 253 1637 XV.
272 1571 348 1648 Quid
360 1581 455 1652 potest
467 1572 629 1652 Princeps?
644 1571 724 1644 Quid
737 1590 800 1633 non
814 1575 927 1652 potest,
944 1590 982 1633 ex
996 1571 1080 1633 indi-

146 1672 231 1731 recto
247 1669 448 1748 consequitur
462 1687 500 1729 ex
514 1668 552 1729 iis
567 1686 637 1749 quae
656 1668 802 1744 diximus,
818 1686 872 1730 seu
894 1685 957 1729 non
975 1670 1080 1747 potest

146 1763 268 1844 ingredi
282 1762 316 1823 in
330 1761 538 1824 substantiam
553 1765 650 1825 aetus.
667 1765 750 1843 Ergo
768 1783 774 1826 :
912 1756 915 1760 ⁵

187 1863 218 1921 1⁰
234 1858 391 1920 Poteritne
406 1859 568 1920 deelarare
582 1858 687 1921 valida
701 1877 771 1940 quse
786 1863 859 1921 sunt
872 1858 981 1921 nulla?

187 1959 224 2018 R.
251 1953 461 2034 Contradiotio
487 1958 534 2017 est
558 1956 642 2035 quod
666 1955 706 2018 sit
728 1955 848 2016 nullum
873 1959 904 2018 et
926 1956 1078 2017 validum.

147 2056 230 2114 Deus
246 2056 357 2114 auoior
376 2051 537 2130 utriusque
556 2051 729 2130 potestatis,
746 2069 809 2112 non
828 2051 887 2113 fuit
904 2051 1082 2112 contradic-

147 2146 251 2223 tionis,
268 2163 358 2207 senus
374 2145 485 2207 eodem
499 2148 640 2224 tempore
654 2146 840 2223 imperasset
854 2148 885 2207 et
903 2145 1082 2223 nonimpe-

147 2247 257 2306 resset.
274 2243 357 2322 Ergo
373 2259 470 2302 unum
486 2241 525 2302 de
540 2240 663 2303 duobus
681 2260 687 2301 :
709 2240 834 2302 Nullum
854 2244 901 2303 est
914 2241 1077 2313 naturaie3

147 2340 203 2400 sed
224 2339 314 2401 civile
336 2338 404 2399 sine
425 2337 560 2400 naturali
583 2355 646 2398 non
666 2340 770 2416 potest
792 2337 978 2414 subsistere,
1005 2336 1082 2416 quia

148 2434 232 2514 quod
248 2451 355 2496 eoram
369 2434 433 2493 Deo
449 2436 497 2494 est
511 2433 642 2509 nullum,
659 2451 721 2495 non
736 2437 840 2512 potest
857 2435 926 2495 fieri
939 2433 1080 2509 validum

147 2531 187 2591 eh
202 2528 391 2591 hominibus,
404 2531 486 2609 Ergo
498 2531 619 2591 nullum
634 2535 681 2592 est
695 2530 788 2591 etism
803 2530 904 2593 oivile.
918 2533 1015 2594 Seous
1029 2531 1079 2593 lex

147 2624 229 2685 ieret
242 2625 409 2702 tyrannica
423 2626 613 2688 coarctando
627 2627 724 2688 finem
738 2627 872 2688 hominis
886 2628 927 2688 ad
941 2627 1081 2706 peoulia-

146 2736 215 2779 rem
240 2719 442 2795 sotietatem,
472 2720 620 2792 violando
648 2723 871 2784 conscientiam
898 2723 1077 2800 individui,

145 2813 309 2876 invaderet
326 2813 401 2894 jura
421 2814 568 2880 Eoolesiae
587 2816 760 2896 judicando
782 2819 821 2880 de
845 2821 950 2882 valore
974 2838 1081 2882 saora-
1184 2849 1187 2856 ·

63 2910 66 2921 '
147 2910 255 2973 menti.

186 3007 257 3088 Obj.
280 3007 511 3085 Constantiana,
536 3008 742 3088 Theodosius,
759 3012 965 3090 Justiniauus,
981 3012 1083 3092 impe·

144 3107 266 3166 ratores
281 3105 444 3167 christiani
456 3103 562 3168 valida
571 3106 768 3170 retinuerunt
777 3126 847 3188 quae
857 3109 946 3171 irrita
956 3112 1029 3174 sunt
1039 3109 1081 3170 ah

146 3199 297 3261 Ecclesia.

185 3294 221 3352 R.
234 3295 289 3355 Hae
304 3295 400 3376 leges,
413 3297 588 3375 praesertim
603 3299 642 3359 de
657 3298 810 3378 divortiis,
823 3318 896 3362 oum
906 3317 968 3363 non
978 3300 1082 3362 ohris-

144 3385 246 3463 tianis,
272 3388 328 3448 sed
348 3391 495 3470 gentibus
518 3393 662 3455 omuibus
687 3400 791 3457 essent
811 3395 988 3476 applicatae,
1014 3413 1080 3456 non

143 3486 312 3559 potuerunt
338 3484 543 3564 imperatores
574 3490 683 3550 tollere
715 3491 832 3553 abusus
863 3493 1075 3566 inveteratos;
