2476 4022
173 265 214 325 30
381 278 609 326 msrmcrronns
628 280 713 326 Junrs
735 279 890 326 cinonrcr.

420 479 433 527 3
448 473 496 520 111.
510 487 538 520 nr
553 485 694 520 consonus
710 487 736 520 rc
752 487 856 522 nrrrecs.

213 612 292 676 Vlll.
310 613 387 675 Pars
401 615 508 673 autem
522 611 653 672 Ritualis
668 611 708 672 ab
723 611 863 673 Ecclesia
881 613 1059 692 prescripta
1072 614 1104 675 io

172 707 368 787 baptismatis
381 705 546 769 collatione
561 706 755 784 amplissima
770 711 828 781 est,
842 708 873 766 et
885 705 1014 767 infinitis
1031 725 1105 785 pro-

171 805 341 885 pemodum
355 803 566 883 spiritualibus
580 802 696 864 referte
710 802 1002 882 significationibus.

212 905 242 963 1ο
257 904 348 980 Aqua
361 898 588 974 benedicenda,
605 902 635 960 et
650 898 778 978 quidem
792 918 854 960 non
868 898 958 978 juxta
972 919 1104 964 consue·

171 1003 221 1062 tos
233 997 380 1060 Ecclesiae
393 996 482 1072 ritus,
498 995 611 1074 quibus
626 1012 708 1074 aqua
720 995 856 1058 lustralis
869 994 913 1057 sd
927 1015 1105 1060 sacramen·

171 1094 246 1156 talia
261 1093 434 1156 destinatur
448 1095 479 1153 et
498 1109 517 1150 a
535 1108 641 1151 rerum
659 1092 863 1170 profanarum
880 1095 987 1156 usibus
1002 1113 1104 1156 secer-

172 1189 266 1265 nitur,
296 1189 352 1250 sed
380 1186 518 1268 quadam
544 1187 672 1266 speciali
699 1188 916 1251 benedictione
944 1190 985 1250 ad
1009 1190 1104 1270 hujus

171 1285 359 1346 sacramenti
374 1282 676 1345 administrationem
690 1283 818 1346 directa.
832 1285 913 1346 Satis
923 1289 971 1347 est
985 1286 1104 1346 unicui-

172 1397 232 1460 que
242 1381 347 1460 legero
359 1380 515 1442 orationes
526 1397 604 1459 quas
615 1379 761 1442 sacerdos
771 1381 881 1442 recitat
891 1399 1006 1460 aquam
1020 1383 1104 1444 bauo

170 1475 404 1551 benedicturus,
427 1475 576 1552 mysticos
598 1477 676 1538 ritus
702 1493 780 1555 quos
804 1481 943 1556 usurpat,
965 1482 1001 1539 ut
1022 1495 1102 1538 unus
1226 1539 1227 1542 ,

171 1573 303 1651 quisque
328 1569 418 1631 facile
440 1575 591 1648 agnoscat
617 1572 774 1651 quomodo
802 1567 942 1634 Ecclesia
968 1575 1103 1653 explicet

170 1667 350 1728 universam
373 1683 463 1726 suum
485 1665 581 1727 fidem
605 1667 644 1728 de
668 1667 977 1748 hujusbaptismatis
997 1685 1100 1730 sacra-

170 1766 286 1824 mento.
304 1762 410 1823 Potius
424 1762 639 1843 animadverto
658 1765 906 1843 antiquissimam
921 1781 988 1826 esso
1006 1763 1099 1844 hujus

170 1855 316 1916 Ecclesiae
337 1856 507 1935 disciplinae
526 1857 682 1936 originem
701 1858 868 1938 (vocabant
887 1860 993 1920 Patres
1008 1873 1099 1937 aquas

169 1951 423 2031 sanctificationem
438 1955 469 2013 ot
482 1952 743 2032 consecrationem),
761 1954 900 2015 attalem
914 1972 984 2032 quae
1000 1971 1099 2033 usque

170 2048 210 2108 ad
225 2049 327 2126 prima
341 2048 459 2108 soecula
468 2048 614 2126 pertinet,
627 2052 658 2110 et
670 2053 758 2110 tanta
767 2049 918 2129 religione
928 2053 1096 2125 servatam,

169 2147 204 2204 ut
224 2145 251 2204 si
271 2161 354 2222 aqua
375 2141 416 2203 ad
437 2161 545 2204 omnes
563 2144 768 2221 baptizandos
783 2162 845 2205 non
861 2145 1028 2220 sufficeret,
1045 2163 1099 2224 po·

169 2236 230 2298 tius
254 2253 336 2298 nova
357 2255 415 2317 per
435 2237 560 2298 canales
580 2237 612 2296 in
633 2237 850 2316 baptisterium
870 2231 1097 2314 infunderetur,

169 2349 265 2412 quum
288 2339 322 2396 ut
343 2353 425 2413 aqua
442 2333 575 2413 profana
593 2335 755 2395 uterentur
773 2335 880 2395 Patres
899 2333 1007 2399 nostri.
1024 2333 1098 2394 Ilaeo

168 2447 243 2492 vero
259 2430 435 2491 benedictio
454 2447 473 2489 a
490 2429 594 2491 latinis
611 2428 647 2490 fit
665 2429 802 2491 sabbatis
821 2433 928 2491 sancto
943 2433 974 2492 et
988 2430 1099 2490 Ponte·

169 2529 287 2600 costes,
312 2542 331 2584 a
354 2525 609 2604 graeeisquoties
632 2526 788 2605 baptisma
815 2524 1098 2588 administrandum

183 2637 194 2678 1
210 2663 218 2680 .

168 2624 239 2774 st2⁰
252 2715 320 2774 Non
334 2713 436 2774 solum
451 2713 639 2778 elementum
652 2715 685 2778 in
695 2734 756 2798 quo
771 2716 911 2779 dandum
925 2721 1007 2779 esset
1019 2718 1098 2796 bap-

166 2809 260 2872 tisma
280 2809 417 2888 disponit
437 2811 586 2890 Ecclesia,
611 2813 667 2875 sed
691 2818 722 2876 et
743 2815 776 2874 in
797 2813 992 2876 ceremoniis
1013 2813 1099 2874 circa
1226 2867 1227 2870 ,

165 2905 371 2984 baptizandos
386 2907 489 2984 simul,
505 2912 540 2970 ut
553 2910 648 2970 moris
663 2913 719 2987 est,
737 2912 864 2989 exponit
879 2912 975 2973 fidem
993 2927 1094 2970 suam.

166 3004 246 3065 Nam
260 3019 369 3065 omnes
383 3003 431 3064 hae
447 3005 641 3068 caeremoniae
657 3000 829 3069 consistunt
844 3009 875 3068 io
891 3007 1096 3070 detestatione

144 3105 376 3176 peccatorum,
400 3103 431 3162 et
445 3100 713 3164 abrenuntiatione
739 3104 875 3181 Satanae,
899 3109 930 3167 et
955 3102 1096 3184 ejusdem

83 3259 88 3274 Ι
165 3195 392 3273 exsufflatione,
419 3201 450 3258 ot
472 3199 505 3257 in
528 3200 705 3276 sponsione,
728 3185 956 3278 promissione,
971 3203 1002 3262 et
1022 3204 1094 3262 voto

164 3294 315 3366 perpetuo
335 3292 532 3354 deserviendi
546 3293 678 3355 Christo.
694 3295 799 3355 Prima
813 3297 984 3375 antiquitus
997 3294 1095 3356 fiebat

164 3384 343 3446 solemnitas
359 3405 435 3466 erga
448 3389 653 3466 occidentem,
673 3391 735 3451 alia
753 3409 829 3470 erga
846 3393 997 3453 orientem
1011 3390 1091 3452 facie

164 3495 326 3542 conversa.
350 3481 529 3546 Consistuot
548 3485 580 3544 in
602 3502 751 3547 manuum
772 3487 979 3566 impositione,
1003 3504 1092 3548 error·
1218 3477 1220 3483 ’
