2548 4020
363 216 552 296 nn'oarncro
573 250 655 295 ruars
678 249 830 296 uiuorum.
1002 239 1060 299 205

168 397 261 459 Ratio
284 393 380 475 igitur
394 393 488 476 hujus
502 394 716 475 impedimenti
738 395 885 472 oriminis,
905 413 970 476 prae
988 395 1060 476 jure

32 537 34 548 .
133 492 214 572 quod
242 491 349 572 viget,
379 509 441 552 non
461 489 595 552 ¹videtur
622 492 805 553 collocanda
838 491 871 550 in
905 491 1059 570 principio

131 589 280 671 generali,
294 587 382 649 verbi
396 587 508 668 gratia,
521 591 556 648 nt
570 591 713 650 servetur
725 587 1015 664 matrimoniifides,
1025 590 1062 649 ut

130 686 270 768 privetur
282 685 366 746 bono
380 683 582 761 matrimonii,
599 683 651 764 qui
668 688 777 751 eontra
789 683 885 744 fidem
899 682 1061 744 matrimo-

131 781 170 841 nii
182 779 339 860 peeoavit,
356 797 394 840 ne
410 779 555 841 eludatur
567 780 618 840 lex
638 779 676 840 de
695 779 897 860 monogamia
915 781 946 840 et
965 778 1060 839 indis·

130 874 317 936 solubilitate
337 873 475 954 conjugii
495 876 530 935 nt
553 877 679 936 tueatur
701 875 766 936 vita
789 873 944 954 conjugis,
971 875 1057 934 eta:

130 988 217 1032 seous
234 970 286 1032 vel
305 969 437 1048 simplex
460 970 664 1048 adulterium,
690 972 740 1033 vel
764 971 896 1049 simplex
918 969 997 1031 fides
1021 969 1059 1030 de

129 1063 230 1132 futuro
245 1063 458 1140 matrimonio,
474 1063 524 1124 vel
539 1067 725 1126 attentatum
741 1065 780 1126 de
794 1065 942 1144 praesenti
951 1061 1060 1124 matri-

128 1154 1060 1238 monium,velsimplexoocisioeonjugisparerethujusmodi

66 1268 69 1273 ’
128 1252 397 1331 impedimentum.

165 1348 228 1410 Sed
243 1349 347 1427 potius
361 1349 439 1430 legis
459 1349 509 1411 vel
530 1349 746 1428 impedimenti
767 1349 861 1429 hujus
882 1349 961 1412 ratio
982 1349 1058 1428 poei-

128 1442 185 1502 tioo
198 1442 344 1522 specifico,
362 1460 432 1523 quae
446 1443 586 1522 assignat
604 1461 732 1505 eausam
750 1461 847 1523 quare
865 1442 926 1504 hoo
943 1441 995 1521 jus
1015 1442 1057 1502 ita

127 1538 297 1600 coercitum
305 1539 354 1616 sit,
363 1542 394 1600 et
403 1539 689 1619 praeterpraediotos
700 1557 790 1600 casus
800 1557 862 1600 non
872 1537 1059 1600 extendatur

32 1699 34 1710 ,
126 1635 165 1695 ad
180 1635 271 1712 alios,
287 1635 340 1714 qui
354 1636 526 1715 parimodo
538 1636 677 1712 officiant
686 1636 845 1698 sanctitati
855 1635 1055 1712 matrimonii,

125 1727 198 1788 fidei
221 1726 389 1808 conjugali,
415 1729 630 1792 incoluminati
649 1731 839 1812 conjugum,
860 1731 1057 1792 indissolubi-

124 1822 203 1884 litati
237 1827 269 1884 et
295 1825 503 1905 monogamiae
530 1827 738 1904 matrimonii,
768 1831 920 1907 quantum
946 1827 1056 1905 sapio,

74 1935 76 1940 ·
125 1919 278 1999 assignari
289 1937 351 1981 non
361 1925 474 2001 potest,
486 1922 541 1986 sed
552 1924 653 1984 solum
661 1923 744 1986 tradi
754 1924 905 2002 nepotis&
913 1922 1058 1984 videlieet

125 2017 209 2096 qnod
224 2016 340 2097 injure
355 2018 476 2096 odioso,
496 2020 625 2098 poenali,
647 2020 686 2080 ad
706 2019 894 2080 irritandum
914 2023 1058 2088 eontrac-

123 2114 200 2187 tum,
217 2111 335 2188 plaouit
348 2111 497 2174 Eoelesiae
511 2113 613 2192 magis
627 2131 689 2174 non
705 2111 881 2192 indulgere.

162 2209 244 2268 Nam
258 2226 358 2285 saeua,
377 2226 473 2288 quare
493 2209 625 2270 dicimus
645 2209 751 2269 induci
773 2207 832 2268 hoo
850 2206 1058 2284 impedimen-

122 2311 191 2364 tum
206 2323 264 2382 per
277 2303 466 2367 adulterium
485 2323 557 2366 eum
570 2307 644 2382 fide,
661 2306 710 2367 vel
725 2306 879 2368 attentatu
894 2303 1057 2364 matrimo-

123 2401 177 2478 nii,
195 2405 271 2479 ete.,
284 2405 315 2464 et
325 2420 387 2464 non
401 2402 508 2463 induoi
522 2421 579 2482 per
589 2403 800 2484 conjuoidium
811 2403 852 2464 ab
862 2419 925 2463 una
934 2405 1056 2464 tantum

122 2501 213 2575 parte
228 2500 386 2576 patratum
401 2498 468 2560 sine
483 2499 713 2578 conspiratione
737 2501 876 2577 alterius,
902 2499 959 2562 sed
982 2498 1057 2560 data

120 2594 184 2654 fide
200 2593 240 2654 de
255 2594 359 2655 futuro
374 2595 597 2657 matrimonio?

161 2693 230 2751 Hoc
245 2691 335 2752 unioe
350 2689 493 2769 fortasse,
510 2693 596 2772 quod
608 2693 659 2754 lex
672 2692 750 2756 nolit
763 2693 829 2772 pati
843 2711 911 2755 esse
930 2710 1056 2756 consor-

120 2789 167 2850 tes
197 2791 230 2849 et
251 2788 353 2849 socios
372 2787 405 2848 in
428 2789 639 2866 matrimonio,
665 2791 719 2871 qui
741 2791 817 2852 socii
832 2792 872 2870 fet
897 2789 1056 2852 consortes

119 2881 239 2943 fuerint
252 2880 285 2940 in
299 2881 468 2960 prodendis
479 2881 604 2962 juribus
623 2883 755 2962 legitimi
773 2883 963 2944 matrimonii
984 2895 1056 2942 oum

118 2979 228 3040 animo
243 2977 381 3040 habendi
393 2979 523 3060 legitimi
539 2980 684 3041 connubii
699 2981 817 3042 bonum
831 2981 914 3040 inter
934 2997 978 3054 se,
1000 2995 1055 3038 seu

117 3093 201 3155 qnos
221 3077 309 3136 tenet
326 3075 517 3137 conscientia
535 3076 673 3137 oriminis
696 3076 824 3137 admissi
841 3077 874 3136 in
894 3073 1056 3134 matrimo-

117 3170 209 3230 nium
224 3169 265 3230 ad
279 3171 375 3232 finem
389 3172 595 3234 contrahendi
610 3171 856 3247 matrimonium,
873 3187 951 3250 quos
970 3167 1055 3228 mala

117 3269 314 3330 conscientia
341 3269 479 3331 oriminis
505 3272 613 3331 mutuo
642 3266 797 3355 commissi
828 3267 861 3326 in
884 3264 1054 3346 prodendis

112 3365 243 3445 juribus
257 3365 474 3447 conjugalibus
489 3367 529 3428 ad
547 3367 644 3426 linem
665 3364 871 3426 contrahendi
893 3363 1056 3425 matrimo-

116 3463 209 3526 nium
224 3465 370 3545 indignos
383 3467 459 3528 faoit
473 3473 505 3528 et
514 3464 747 3546 quodammodo
757 3464 923 3544 inoapaoes
933 3466 1052 3538 saneta,

229 3575 293 3614 rou.
313 3576 343 3614 11.
917 3561 950 3612 12
