2476 4022
347 298 387 342 un
409 296 537 344 omuoro
557 297 640 345 ruris
662 299 816 346 cauomcr.
1008 295 1046 352 'l'l

153 443 191 504 V.
209 437 336 500 Publica
350 439 434 502 enim
445 439 623 518 punitentia,
640 459 710 520 qua
728 461 748 502 a
765 445 905 522 tempore
921 452 1047 526 aposto-

113 539 216 599 lorum
229 553 329 615 usque
339 535 380 596 ad
391 535 528 596 Montani
540 535 685 596 haeresim
694 537 831 598 secundo
842 557 914 603 saec.
926 547 1044 619 natam,

45 667 48 672 ·
114 652 172 695 nec
188 637 316 710 tempus
334 649 393 692 nec
411 631 539 691 modum
558 631 802 695 determinatum
822 633 968 714 habebat,
991 641 1045 700 sed

115 726 333 806 episcoporum
360 724 489 786 arbitrio
517 730 548 785 et
575 725 748 802 prudentia
776 726 931 805 permissa
958 735 1042 805 erat3

116 821 241 901 quaudo
257 824 363 884 autem
373 819 568 882 Montauistae
580 826 742 899 coeperunt
752 821 864 883 docere
875 823 1047 886 Ecclesiam

116 936 178 980 non
188 918 307 979 habere
317 919 504 995 potestatem
514 917 693 979 remittendi
705 918 850 997 quadam
860 923 892 981 at
900 922 1048 1000 graviora

116 1013 258 1088 crimina,
270 1015 302 1074 et
314 1015 385 1090 post
399 1028 453 1072 eos
467 1012 634 1074 uonatatae
649 1012 733 1073 circa
745 1013 885 1075 medium
899 1033 971 1078 seeo.
985 1019 1047 1079 ter-

115 1107 192 1168 tium
215 1106 411 1168 Montanistis
432 1105 570 1185 adjuncti
594 1109 684 1183 sunt,
709 1109 826 1169 sensim
848 1113 1047 1174 severissima

117 1201 198 1265 lacta
226 1205 275 1264 est
302 1201 474 1280 disciplina,
500 1206 531 1264 et
556 1201 681 1280 publica
707 1203 891 1281 poenitentia
915 1207 1046 1269 solemni

118 1297 255 1378 quodam
268 1297 363 1359 modo
378 1296 586 1360 determinata
598 1301 656 1374 est,
672 1302 707 1361 ut
723 1299 792 1377 ipsa
810 1300 936 1378 publica
950 1303 1046 1364 eccle-

118 1396 169 1456 siae
190 1391 356 1471 disciplina
376 1392 601 1470 exprimeretur
616 1395 759 1478 potestas
777 1393 923 1456 Ecclesia
942 1397 1046 1457 remit-

116 1488 201 1552 tendi
223 1489 318 1551 etiam
339 1488 485 1566 graviora
505 1487 634 1566 flagitia,
660 1493 692 1550 et
713 1489 805 1550 simul
829 1494 1047 1550 occurreretur

119 1584 254 1645 dicteriis
273 1582 553 1658 schismaticorum,
571 1584 625 1662 qui
642 1583 806 1645 ecclesiam
823 1585 863 1646 de
883 1586 979 1648 nimia
997 1605 1047 1647 re-

119 1678 303 1740 conciliandi
316 1677 420 1756 lapsos
434 1677 581 1740 facilitate
595 1678 852 1741 criminabantur.

138 1775 140 1780 '
154 1774 318 1836 institutus
328 1791 404 1852 ergo
415 1775 462 1834 est
476 1772 553 1833 ordo
563 1773 666 1834 laicali
676 1775 894 1836 communione
904 1775 1044 1853 inferior,

117 1872 148 1931 in
170 1886 267 1949 quem
289 1868 457 1949 penitentes
480 1867 708 1947 redigerentur,
739 1871 792 1950 qui
820 1871 924 1951 aliquo
952 1890 1046 1933 sensu
1089 1940 1091 1944 ,

118 1967 281 2043 praestaret
307 1963 484 2025 conditione
511 1963 635 2024 illorum
660 1965 714 2044 qui
741 1964 791 2026 vel
817 1966 849 2027 in
877 1967 1048 2028 Ecclesiam

117 2079 280 2140 nunquam
300 2063 403 2121 essent
424 2059 579 2138 coaptati,
599 2061 710 2130 veleb
733 2063 942 2124 ecclesiastica
963 2080 1048 2126 com-

117 2157 264 2219 munione
279 2156 415 2235 separati
429 2155 560 2218 fuissent
573 2176 580 2218 :
592 2157 626 2218 hi
638 2159 689 2218 vel
704 2176 864 2238 nunquam
874 2161 1048 2238 acquisive-

116 2259 185 2342 rant
201 2255 277 2336 jura
297 2253 472 2316 christianes
495 2255 733 2331 communionis,
751 2255 801 2314 vel
820 2257 858 2315 iis
879 2256 919 2316 oh
941 2261 1047 2319 coutu-

117 2353 241 2413 meliam
256 2354 311 2414 aut
324 2350 365 2411 ob
379 2351 567 2430 gravitatem
586 2352 722 2412 criminis
733 2354 827 2411 erant
840 2352 973 2430 privati;
991 2353 1046 2412 sed

116 2447 244 2510 suberat
262 2447 421 2509 communi
440 2447 681 2509 christianorum
700 2447 922 2517 communioni,
941 2450 1048 2525 quate·
1068 2493 1070 2496 -

117 2563 173 2605 nus
187 2544 372 2605 exercitium
387 2542 570 2604 eorumdem
585 2542 704 2622 jurium
717 2542 768 2603 vel
783 2543 983 2605 imminutum
996 2544 1046 2604 vel

117 2637 256 2700 ablatum
277 2639 370 2712 esset,
392 2636 437 2697 ite
456 2640 502 2712 ut,
522 2634 596 2697 licet
615 2637 803 2716 poenitentes
824 2644 929 2698 essent
949 2629 1048 2698 cbris-

116 2735 205 2810 tiani,
231 2734 265 2794 in
288 2731 498 2794 conditionem
519 2732 752 2794 catechumenis
775 2750 973 2795 communem
996 2733 1046 2795 vel

118 2829 210 2890 etiam
224 2827 406 2890 inferiorem
419 2826 647 2905 redigerentur.
672 2828 839 2907 Quousque
853 2827 950 2908 igitur
964 2830 1048 2890 stetit

117 2922 722 3002 haecpublicaetsolemnispoeuitentn'a,
734 2923 975 2984 intresordines
987 2924 1047 2983 dis-

117 3011 340 3098 tinguebantur
360 3017 531 3094 christiaui,
554 3017 700 3080 videlicet
718 3009 750 3078 i'n
771 3018 897 3095 clerims,
915 3015 1002 3076 laicos
1016 3020 1048 3077 et

115 3114 293 3193 penitentes.
886 3123 888 3128 ·
1021 3104 1023 3110 ’

152 3207 380 3291 Paenitentium
399 3213 532 3290 quatuor
549 3213 638 3271 erant
656 3209 815 3271 stationes.
833 3208 955 3269 Primus
975 3227 1048 3290 gra-

116 3305 171 3365 dus
192 3304 368 3367 vocabatur
386 3305 488 3382 fletus,
504 3312 663 3378 nocuitatem,
677 3303 756 3364 alter
777 3302 905 3379 auditio,
922 3312 1047 3378 ἀκρόασις,

115 3399 224 3462 tertius
252 3399 452 3476 substractio,
482 3409 629 3469 ὑπόπτωσις,
664 3385 811 3478 quartus
829 3399 1044 3473 consistentia,

115 3501 240 3560 σύστασις.
261 3529 302 3542 -
322 3496 445 3560 Flentes
464 3501 552 3558 extra
568 3498 692 3576 portam
709 3493 828 3576 templi,
850 3495 907 3559 sub
926 3495 977 3558 dio
997 3493 1047 3554 vel
