2530 4016
182 301 240 362 346
390 303 620 354 msrrrurrorns
640 302 723 351 anais
745 301 900 352 oauonrsr.

219 460 252 518 39
265 455 301 518 Si
314 472 417 517 sermo
432 453 473 516 sit
485 451 625 514 debonis
640 443 735 512 etiam
749 448 974 526 immobilibus,
991 448 1048 510 sed
1058 449 1112 510 do·

181 551 261 613 natis
282 549 333 612 vel
352 548 512 629 aequisitis
533 545 731 608 monasteriis
749 543 952 622 incapacibus
973 543 1111 605 dominio

179 645 398 720 immobilium,
416 644 510 705 etiam
526 641 560 704 iu
580 639 748 703 eommuni.
766 641 841 702 Haeo
862 639 946 700 enim
964 638 1111 699 alienatio

179 743 358 804 necessaria
375 743 413 802 iis
431 740 552 801 ratione
572 737 690 817 regnlae
717 742 750 797 et
772 739 883 813 status,
904 752 962 796 nee
985 734 1111 813 proprie

181 837 243 899 diei
261 840 365 918 potest
386 835 533 898 alienatio
555 849 770 911 rerumquae
791 848 955 911 nunquam
976 829 1111 910 aequisi-

180 934 293 994 verint.

207 1114 220 1160 fi
235 1107 281 1153 111.
295 1119 323 1151 nr
338 1115 475 1152 :inerrans
490 1112 654 1147 nnrsuurrorus
668 1112 778 1146 nononuu
794 1111 1018 1146 rocnususrmonuu
1034 1112 1079 1146 uon

571 1191 628 1226 arra
642 1191 727 1225 suurn.

214 1316 266 1377 IX.
277 1314 311 1377 Si
318 1312 464 1375 alienatio
471 1311 619 1391 legitimis
626 1311 729 1372 causis
736 1313 768 1372 et
775 1308 1025 1371 solemnitatibus
1030 1309 1111 1373 faeta

180 1409 284 1487 inerit,
300 1408 489 1474 transfertur
502 1407 548 1469 rei
562 1405 750 1478 dominium
767 1408 892 1466 tantum
901 1405 927 1466 si
941 1423 979 1466 ex
994 1423 1033 1466 ea
1042 1408 1111 1484 post

181 1506 299 1568 fautum
313 1491 652 1590 appareat'lloolesiam
666 1499 760 1560 fuisse
775 1499 916 1578 graviter
933 1500 1053 1579 lesam,
1071 1501 1110 1562 ad

180 1600 280 1662 instar
294 1598 485 1678 pupillorum
498 1599 531 1658 et
544 1596 712 1672 minorum,
724 1593 842 1674 gaudet
854 1593 1006 1658 benefioio
1021 1597 1111 1658 resti-

179 1695 309 1756 tutionis
325 1694 357 1754 in
371 1694 539 1772 integrum,
557 1691 701 1754 restituto
716 1689 848 1770 emptori
869 1691 971 1769 prelio
990 1694 1022 1753 et
1043 1691 1110 1754 aliis

180 1788 325 1867 expensis
338 1789 371 1847 in
386 1786 553 1848 utilitatem
567 1785 714 1848 Euolesiae
729 1785 829 1846 faobs.

220 1883 282 1946 Sed
298 1881 323 1944 si
339 1899 401 1942 non
416 1900 455 1942 ex
472 1879 558 1960 juste
577 1897 683 1957 eausa,
707 1885 739 1941 at
757 1879 943 1959 posthabitis
963 1881 1110 1944 solemni-

179 1979 296 2042 tatibus
308 1978 380 2061 jure
394 1977 545 2040 eanonieo
560 1975 761 2055 praescriptis,
773 1993 824 2036 ras
834 1975 980 2040 boolesiae
995 1977 1111 2040 fuerint

179 2076 336 2151 alienatae,
353 2071 500 2134 alienatio
514 2088 642 2150 prorsus
656 2068 795 2130 invalida
809 2075 840 2129 et
860 2068 974 2130 nullius
995 2071 1109 2132 valoris

179 2178 236 2250 est,
255 2176 285 2235 et
299 2172 420 2233 nullum
432 2169 484 2250 jus
498 2170 531 2229 in
545 2168 750 2246 aooipientem
759 2167 918 2230 transfert.
930 2169 1110 2233 Hooautem

178 2287 303 2346 semper
318 2266 536 2329 oonsideratur
549 2265 582 2324 in
603 2263 744 2324 favorem
765 2262 924 2342 Euolesiae,
948 2265 1033 2345 quod
1054 2283 1109 2345 pn·

177 2368 239 2428 test
262 2362 440 2425 rescindere
464 2362 670 2433 nonuncium,
693 2361 788 2434 prout
806 2355 866 2416 sibi
889 2357 1105 2420 damnosum:

76 2538 79 2544 .
178 2461 247 2522 haee
260 2477 334 2521 vero
358 2476 422 2520 uon
446 2456 622 2535 procedunt
641 2454 680 2515 de
703 2458 855 2530 emptore,
872 2455 925 2534 qui
947 2472 1108 2536 nunquam

177 2557 280 2633 potest
294 2553 431 2634 allegare
446 2552 621 2614 nullitatem
635 2554 736 2625 notus,
749 2551 780 2608 et
793 2549 866 2610 lieet
875 2550 1022 2613 lloolesiae
1035 2551 1109 2613 velit

178 2653 300 2729 emptor
323 2651 508 2726 restituere,
534 2665 597 2709 non
619 2650 748 2712 tenetur,
766 2645 907 2707 Ecclesia
929 2651 1105 2728 aeoeptare.

177 2747 246 2806 Non
260 2761 350 2804 secus
373 2761 410 2804 ae
432 2743 541 2823 pnpilli
565 2745 596 2804 et
617 2743 755 2804 minores
777 2741 845 2804 sine
868 2744 1055 2806 auctoritate
1079 2746 1109 2805 et

177 2855 331 2900 eonsensu
345 2841 485 2900 tutorum
500 2842 630 2915 possunt
644 2838 830 2900 oontrahere
853 2839 884 2899 in
908 2857 1002 2900 suum
1025 2857 1107 2901 oom-

177 2935 318 3012 modum,
334 2952 397 2996 non
411 2933 455 2996 ita
467 2933 500 2994 in
514 2950 605 2994 suum
620 2932 849 3012 praejndieium.
868 2934 931 2996 Sed
949 2937 976 2996 si
999 2937 1106 2997 Euole-

177 3031 231 3092 siee
242 3030 395 3093 damnosa
409 3029 503 3092 fuerit
516 3028 674 3106 alienatio,
698 3033 801 3106 potest
818 3029 868 3091 vel
891 3031 1015 3094 satione
1034 3050 1107 3111 per-

178 3126 277 3188 sonali
292 3129 401 3189 eontra
414 3126 610 3189 venditorem
621 3130 652 3188 et
661 3125 814 3204 haeredes,
827 3130 882 3190 eut
891 3128 968 3190 reali
979 3128 1011 3190 in
1025 3145 1103 3205 rem,

177 3223 212 3280 ut
225 3221 274 3282 vel
288 3221 328 3282 ab
344 3220 396 3282 illo
411 3226 631 3301 compensetur
645 3222 695 3283 vel
708 3222 748 3284 ab
764 3222 823 3284 hoo
842 3242 910 3286 rem
932 3242 1022 3286 suam
1032 3225 1105 3286 uin-

177 3315 261 3377 dicet
275 3319 306 3378 et
319 3321 494 3396 recuperet.

116 3469 119 3475 .
218 3414 367 3482 Quaerunt
389 3416 533 3478 doctores
556 3437 597 3478 an
619 3419 658 3479 iis
684 3421 716 3479 in
746 3420 823 3483 louis
849 3421 905 3483 uhi
926 3421 1105 3484 eonstitutio

178 3507 266 3568 Pauli
279 3510 317 3582 ll,
334 3516 461 3589 reoepta
475 3531 537 3574 non
553 3520 611 3586 est,
628 3516 748 3578 eaeteris
762 3519 906 3597 servatis,
922 3521 979 3582 sed
993 3521 1108 3584 omissa
