2548 4020
172 281 231 342 256
380 289 608 340 msrrrurlores
629 289 711 338 sunrs
733 289 889 337 cruorum.

521 481 532 528 fi
548 477 582 521 II.
596 489 625 520 or
639 487 758 521 vrsmnus.

212 617 295 677 XIII.
313 613 408 676 Sicuti
423 629 567 674 vasorum
587 612 630 674 ita
654 617 685 672 et
707 610 839 671 vestium
864 601 967 671 forma
990 601 1122 690 quibus¹

173 711 316 789 primItus
330 729 387 771 usa
402 715 449 770 est
463 708 612 785 Ecclesia,
627 725 692 768 uon
713 707 834 768 videtur
857 707 953 768 fuisse
977 709 1102 788 propria

174 813 205 868 et
219 805 395 885 singularis,
411 803 467 866 sed
482 823 518 865 ea
540 821 601 884 qua
624 803 694 864 laici
718 804 813 865 etiam
836 803 1102 882 quemadmodum

174 900 276 962 clerici
291 900 323 961 in
342 898 559 960 communibus
580 897 652 960 vitae
676 897 782 959 usibus
805 897 986 960 utebantur.
1011 896 1101 972 Albo,

169 997 258 1075 juxta
272 1013 340 1072 noe,
357 1013 450 1073 quam
466 995 564 1055 Graeoi
575 999 692 1055 ¹nocent
706 993 868 1073 poderem,
884 1011 947 1053 non
963 992 1022 1054 atie
1038 999 1105 1054 erat

172 1109 266 1169 quam
281 1091 387 1152 tunica
401 1089 595 1164 communis3
613 1089 715 1150 casalo
728 1108 823 1168 quam
835 1089 933 1151 Graeci
943 1089 1102 1167 planetam

171 1189 293 1261 dicunt,
313 1205 377 1247 non
401 1187 462 1248 alia
485 1187 581 1248 fuisse
604 1185 728 1248 videtur
751 1205 844 1265 quam
869 1187 996 1266 pallium
1019 1187 1104 1266 quod

171 1283 343 1344 orientales
361 1302 458 1363 supra
475 1285 614 1346 tunicam
626 1282 804 1363 gestabant.
828 1282 1002 1344 Dalmatico
1015 1289 1103 1344 eraut

172 1387 274 1442 vestes
296 1381 411 1458 quibus
435 1399 528 1462 supra
552 1381 691 1442 tunicam
714 1396 913 1440 communem
935 1378 1102 1440 utebantur

171 1476 341 1550 Dalmatae3
359 1475 509 1558 einpalum
523 1493 690 1537 commune
710 1475 892 1536 cinctorium
916 1492 977 1552 quo
997 1468 1103 1536 tunica

171 1569 212 1631 ad
226 1573 322 1650 pedes
330 1590 431 1650 usque
442 1574 600 1651 profluens
610 1572 820 1633 sustinebatur
835 1571 957 1632 omr'ctus
970 1570 1102 1632 linteum

171 1667 211 1727 ad
234 1655 404 1747 tegendam
423 1668 597 1729 nuditatem
620 1668 710 1741 colli;
736 1667 902 1746 manipulus
919 1665 1098 1737 sudarium3

170 1761 242 1823 stola
264 1761 420 1836 orarinm3
445 1762 573 1843 pluviale
595 1781 632 1824 ex
655 1764 769 1842 penula
793 1761 1046 1842 quautebantur
1070 1763 1100 1821 in

171 1858 282 1920 itinere
298 1858 474 1920 traductum
488 1859 556 1922 fnit.

211 1954 319 2016 Solum
333 1954 411 2016 sacri
426 1955 558 2018 ministri
571 1958 716 2036 jamtum
737 1974 756 2016 a
778 1953 885 2034 primis
907 1952 1101 2032 temporibus

170 2053 309 2114 vestibus
323 2053 497 2114 communis
520 2055 628 2135 utique
651 2055 770 2126 formae,
788 2052 844 2112 sed
858 2051 1099 2131 pretiosioribus

171 2148 218 2208 usi
235 2153 307 2208 sunt
321 2149 361 2209 ad
375 2168 463 2210 sacra
477 2151 669 2230 peragenda.
691 2147 814 2210 Confer.
839 2147 997 2210 Benedict.
1018 2149 1098 2209 XIV.

170 2243 246 2304 ibid.
263 2245 355 2324 capit.
373 2247 527 2324 sequenti.

211 2340 273 2402 Sed
291 2341 510 2402 recedentibus
533 2342 619 2405 laicis
647 2342 687 2403 ab
714 2341 766 2403 illo
794 2341 921 2421 antiquo
949 2338 1100 2403 vestiendi

171 2452 259 2495 more
275 2439 306 2498 et
322 2454 468 2498 unacum
483 2437 558 2516 ipsis
573 2438 693 2500 clericis
707 2436 925 2499 adamantibus
940 2437 1016 2497 elias
1030 2456 1100 2499 ves-

169 2531 267 2591 tiendi
281 2531 397 2592 formas
419 2552 477 2613 pro
500 2535 717 2595 communibus
744 2535 812 2595 vitae
834 2533 952 2608 usibus
977 2552 1101 2596 reman-

171 2628 278 2687 serunt
307 2626 368 2687 illee
396 2634 525 2692 vetustae
554 2631 704 2692 vestiendi
731 2629 838 2690 tormae
868 2631 963 2691 sacris
991 2631 1100 2691 usibus

170 2722 319 2800 addictae,
346 2741 403 2784 nec
427 2728 548 2786 tantum
568 2728 668 2806 pretio
693 2733 723 2787 et
741 2725 967 2799 destinatione,
990 2725 1045 2786 sed
1068 2733 1100 2788 et

169 2815 269 2877 forma
283 2817 370 2880 fuere
385 2817 595 2881 differentese
617 2821 754 2882 restibus
777 2820 1006 2880 communibus.
1024 2821 1099 2882 Haec
1127 2893 1130 2898 ¹

170 2918 290 2975 vetusta
304 2914 405 2975 forma
419 2915 488 2995 pius
503 2917 605 2976 minus
620 2923 742 2978 servata
757 2919 814 2990 est,
840 2915 897 2976 sed
916 2915 985 2994 plus
1001 2933 1098 2994 penes

169 3009 351 3086 Ordentales
364 3012 466 3074 miuus
477 3029 572 3090 penes
582 3011 794 3074 OccidentaIes
805 3013 858 3091 qui
868 3013 1099 3075 commodiores

170 3113 272 3167 vestes
295 3107 478 3170 adamantes
505 3114 658 3169 vetustam
687 3109 942 3170 indumentorum
963 3109 1098 3170 formam

170 3205 285 3264 sensim
301 3211 332 3266 et
346 3203 412 3266 sine
428 3223 521 3266 sensu
536 3205 620 3266 varie
636 3205 864 3267 modificarunt.

210 3299 254 3357 Ita
276 3317 325 3360 ex.
342 3317 372 3377 g.
398 3300 528 3378 pallium
541 3305 608 3362 erat
631 3301 805 3361 communis
820 3301 913 3363 vestis
937 3303 1099 3366 orientalis

170 3408 264 3470 super
287 3395 435 3456 tunicam.
452 3398 496 3455 Eo
521 3398 568 3456 usi
583 3403 655 3458 sunt
675 3398 768 3475 primi
789 3400 940 3480 evangelii
965 3399 1098 3462 ministri

170 3486 222 3563 qui
238 3505 275 3546 ex
291 3488 410 3551 oriente
425 3492 606 3568 prodierunt
622 3496 731 3554 etune
750 3511 824 3555 cum
841 3495 993 3576 evangelii
1018 3514 1099 3578 prae-
