2476 4022
355 280 395 324 nr
418 277 545 324 oerucro
565 277 646 323 rums
668 276 822 322 cruenter.
1014 261 1049 322 tl

115 428 247 491 omnino
261 427 300 488 de
317 423 518 486 coeremoniis
532 422 572 484 ab
586 421 654 502 ipsu
667 422 858 502 prascriptis
877 422 1051 498 omittatur,

114 531 149 586 et
165 525 195 585 si
208 523 280 603 quid
297 522 449 582 omissum
468 519 517 594 sit,
540 537 604 580 non
625 522 786 598 repetatur
806 527 1051 596 sacramentum,

114 619 179 680 sed
199 621 290 679 ¹caute
315 614 500 694 suppleatur
515 614 554 694 (c.
577 617 607 674 1⁰
626 614 666 673 de
687 613 891 674 sacramentis
912 633 974 674 non
994 616 1053 677 ite-

114 715 239 776 randis.
264 712 386 774 Bened.
411 713 480 774 x1v
504 714 611 772 monet
634 711 739 790 quod,
764 711 838 772 licet
859 711 1052 791 presbyteris

116 811 314 872 concedatur
327 808 462 870 facultas
483 807 686 884 chrismandi,
710 825 834 886 semper
853 811 960 870 tamen
981 825 1052 870 oum

117 897 292 969 chrismate
307 905 348 967 ab
363 905 510 985 episcopo
523 903 699 965 benedicto.

436 1077 476 1124 1v.
488 1079 519 1122 lle
531 1079 609 1123 ritibur
621 1079 741 1124 servandis.

158 1197 227 1258 VII.
253 1195 336 1256 Nihil
360 1192 523 1254 definitum
547 1193 650 1274 quoad
673 1203 795 1273 tempus,
819 1193 893 1256 lioet
915 1195 1051 1257 maxime

116 1291 268 1370 expediat
291 1293 326 1353 ut
353 1279 409 1352 fiat
435 1291 631 1368 potissimum
654 1293 835 1350 recurrente
859 1291 1052 1352 Pentecostis

116 1387 330 1462 solemnitate,
348 1385 475 1466 quando
490 1387 543 1464 Sp.
563 1387 595 1446 S.
612 1386 645 1445 in
667 1385 826 1464 apostolos
847 1385 971 1462 elapsus
992 1388 1050 1446 est.

160 1483 272 1554 Quoad
287 1481 380 1541 locum
395 1480 527 1562 ecclesia
541 1485 599 1558 est,
622 1480 647 1540 si
669 1479 850 1542 solemniter
868 1481 923 1542 fiat
942 1480 1052 1543 confir-

115 1579 233 1651 mati03
250 1577 307 1638 sed
322 1581 354 1639 et
374 1577 453 1638 alius
473 1576 561 1638 locus
582 1576 772 1638 conveniens
794 1593 862 1638 esse
884 1580 998 1656 potest,
1022 1580 1054 1639 et

116 1680 253 1754 urgente
268 1673 307 1733 de
322 1691 429 1748 cause,
446 1672 588 1732 ubilibet.

159 1768 270 1842 Quoad
293 1773 422 1830 caeteras
446 1766 664 1844 caeremonias,
690 1767 792 1829 innuit
815 1768 994 1846 pontificale
1022 1773 1055 1828 et

17 1883 21 1890 ·
115 1868 289 1944 antequam
304 1863 442 1941 pontifex
457 1863 552 1925 ritum
574 1862 765 1940 exordiatur,
789 1864 876 1925 brevi
899 1864 1050 1926 concione

115 1960 272 2041 populum
286 1959 399 2020 doceat
412 1958 451 2019 de
466 1961 589 2035 natura,
607 1959 779 2036 effectibus,
792 1959 934 2021 ministro
949 1977 1053 2021 secra·

115 2055 217 2117 menti
230 2054 424 2116 conferendi.

158 2151 263 2226 Puer-i,
287 2156 457 2230 antequam
477 2149 643 2211 tradantur
663 2150 880 2224 confirmandi,
904 2152 942 2210 de
965 2151 1053 2213 rudi-

116 2247 231 2308 mentis
246 2245 331 2322 fidoi,
349 2250 380 2308 et
394 2246 569 2325 prasertim
591 2246 629 2307 de
651 2246 688 2306 iis
710 2262 780 2324 quae
803 2243 843 2304 ad
864 2245 924 2304 hoc
947 2264 1054 2307 saera-

115 2346 261 2404 mentum
275 2342 444 2421 pertinent,
462 2343 691 2418 examinentur.
825 2345 828 2350 “

157 2441 202 2502 lix
218 2447 345 2502 vetusto
358 2459 445 2502 more
461 2440 642 2502 conferendi
657 2439 718 2500 hoo
733 2446 967 2500 sacramentum
982 2444 1054 2518 post

115 2533 289 2612 baptisma,
298 2532 331 2592 in
340 2531 417 2593 illud
428 2533 522 2594 etiam
534 2527 696 2592 traductus
707 2535 755 2593 est
764 2549 831 2592 mos
840 2532 1050 2611 patrinorum.

117 2629 336 2690 Admittuntur
364 2647 444 2690 unus
471 2630 522 2689 vel
545 2647 609 2689 una
631 2646 688 2705 pro
711 2647 803 2689 sexus
827 2629 996 2709 qualitate,
1022 2637 1054 2692 et

118 2728 233 2786 catera
248 2723 334 2784 iniis
348 2723 553 2804 requiruntur
567 2743 637 2803 quea
652 2725 684 2783 in
698 2724 829 2802 patrinis
844 2727 875 2786 in
891 2727 1000 2788 ordine
1011 2727 1052 2788 ad

117 2820 335 2899 baptismum:
354 2819 560 2880 simileenim
583 2820 702 2882 habeut
724 2821 871 2884 officium.
897 2825 1005 2886 Solum
1027 2825 1054 2886 si

117 2913 159 2974 ibi
175 2915 267 2975 deest
282 2919 315 2974 ut
329 2913 472 2994 patrinus
486 2915 527 2975 sit
541 2915 752 2992 confirmatus,
774 2913 826 2976 hio
845 2935 972 2978 necesse
992 2922 1049 2980 cst.

118 3009 354 3071 Consuetudine
369 3015 474 3096 autem
489 3009 700 3073 vetustissima
712 3018 875 3090 receptum
890 3017 936 3074 est
951 3015 985 3073 ut
999 3030 1052 3090 pa·
1139 3023 1150 3034 ’·
1176 3011 1179 3018 ’

118 3105 218 3166 trinus
233 3105 265 3170 in
281 3101 518 3166 confirmatione
534 3105 574 3165 sit
588 3106 734 3168 distincta
747 3125 883 3186 persona
897 3125 915 3167 a
929 3106 1052 3186 patrino

118 3200 328 3279 baptismatis.

157 3298 238 3358 Vlll.
258 3297 404 3359 Nonnulli
414 3297 544 3359 dubium
555 3304 742 3377 promovent
751 3317 792 3358 an
802 3299 895 3361 liceat
904 3300 1051 3382 episcopo

119 3413 266 3456 exercere
281 3395 473 3482 pontificalia
487 3402 576 3456 extra
590 3397 751 3457 dioecesim
766 3414 837 3473 eum
853 3397 980 3460 licentia
999 3419 1053 3461 ex-

118 3507 225 3570 pressa
240 3491 392 3554 ordinarii
408 3491 503 3569 illiusg
521 3510 584 3553 non
604 3497 710 3556 autem
727 3492 759 3554 in
779 3493 939 3557 subditum
958 3495 1051 3574 hujus
