2476 4022
183 253 223 312 80
391 259 619 306 rrsrrrurmuns
639 257 721 304 tnnrs
744 255 913 334 neronior.-

224 406 334 467 Nescio
348 422 388 464 an
404 403 504 464 Graeoi
517 401 620 462 adhuc
634 399 815 480 hujusmodi
836 398 1032 480 disciplinam
1045 419 1115 461 ser-

184 505 273 574 vent;
290 499 347 561 sed
357 518 428 559 eam
439 498 542 558 adhuc
553 514 679 576 servare
689 495 836 557 videntur
845 513 882 556 ex
893 495 973 557 notis
983 497 1017 556 P.
1030 494 1116 558 Goar

183 597 225 658 ad
242 595 473 673 lluchologinm
493 593 683 666 Graecorum,
704 589 758 650 nbi
780 589 925 652 observet
944 591 1028 669 quod
1053 613 1068 648 n
1087 593 1116 652 si

183 694 276 754 venia
295 691 406 768 dignas
425 688 605 768 poenitentis
625 687 731 766 culpas
752 686 1026 765 deprehenderint,
1043 688 1116 748 nul-

178 790 248 850 lam
262 787 413 848 adhihent
427 784 666 860 absolutionem,
678 782 734 842 sed
746 782 784 842 de
799 783 850 860 pio
865 783 1002 861 quodam
1016 801 1114 860 opere

184 880 358 946 exercendo
373 881 527 941 monitum
541 879 640 938 amice
659 878 832 939 remittunt.
850 878 883 938 Si
900 878 1044 939 lethifera
1047 923 1111 940 .....

185 977 345 1052 detegunt,
368 971 423 1031 illa
441 970 473 1030 in
492 987 574 1030 nono
599 986 718 1041 canone
741 969 832 1048 juxta
857 971 1014 1048 seposito
1039 989 1115 1031 exa-

183 1071 314 1144 minant,
345 1082 611 1143 censurarnmque
639 1063 837 1142 districtioni,
867 1072 960 1143 prout
987 1065 1112 1146 legunt,

184 1166 297 1226 cuncta
311 1160 491 1240 subjiciunt,
508 1163 538 1221 et
557 1159 686 1222 tandem
705 1160 869 1239 poenitenti
888 1161 969 1220 bene
982 1179 1115 1240 precan-

183 1265 244 1322 tur.
259 1259 388 1320 Publica
401 1274 476 1318 vero
491 1256 677 1336 poenitentia
691 1256 766 1316 nulli
780 1256 853 1316 licet
867 1257 1000 1336 amplius
1014 1257 1114 1336 impo-

184 1358 328 1431 natur...,
344 1353 466 1434 aliquos
485 1356 591 1414 tamen
610 1352 805 1413 confessione
824 1353 964 1431 expiatos
985 1373 1005 1414 e
1023 1372 1115 1416 sacra

184 1449 404 1514 communione
424 1467 482 1528 per
505 1466 623 1509 annum
645 1448 696 1509 vel
719 1448 825 1528 plnres
849 1448 1038 1528 quandoque
1063 1468 1115 1511 ar-

184 1553 267 1611 cent.
284 1571 298 1606 u

223 1643 317 1724 Apud
330 1642 458 1703 Latinos
472 1660 547 1705 vero
562 1660 660 1723 quum
673 1641 825 1703 severitas
839 1660 995 1703 canonum
1011 1645 1115 1722 poeni-

184 1738 359 1801 tentialium
372 1743 551 1816 temporum
560 1737 801 1799 circumstantiis
811 1755 874 1799 non
884 1743 966 1798 esset
978 1739 1114 1816 amplius

183 1835 308 1910 idonea,
325 1834 365 1894 ab
385 1851 494 1895 eorum
513 1851 572 1894 usn
586 1836 796 1913 temperatum
810 1836 867 1911 est,
890 1833 990 1895 donec
1005 1835 1112 1912 hodie,

183 1931 256 1990 lieet
274 1928 472 1989 confessariis
491 1930 666 1992 insinuetur
684 1928 776 1992 lectio
797 1932 939 1990 veterum
956 1929 1115 2010 poeniten-

182 2023 304 2085 tialium
317 2027 353 2085 nt
366 2027 498 2086 noscant
511 2025 596 2105 quali
610 2023 705 2085 modo
720 2042 776 2103 pro
786 2026 936 2087 varietate
947 2025 1114 2086 criminum

183 2118 355 2198 antiquitus
369 2119 604 2198 procederetur,
621 2119 660 2180 de
676 2137 775 2200 eoque
789 2123 938 2181 moneant
949 2120 1114 2198 poeniten·

182 2216 230 2274 tes
253 2217 289 2275 ut
312 2212 479 2275 criminum
500 2215 664 2276 horrorem
685 2216 716 2276 et
736 2214 986 2294 magnitudinem
1010 2216 1116 2276 conci-

183 2310 282 2387 piant,
298 2313 405 2372 tamen
420 2309 676 2389 poenitentiarum
691 2310 849 2389 impositio
867 2310 1013 2388 prudenti
1030 2312 1115 2373 arbi-

182 2407 243 2467 trio
263 2407 445 2481 confessarii
464 2407 632 2469 remittitur
652 2406 732 2486 (cap.
753 2424 810 2470 v111
830 2407 869 2468 de
888 2408 997 2486 poenit.
1016 2410 1111 2472 Gouc.

183 2501 268 2562 Trid.
286 2518 362 2562 sess.
379 2503 459 2566 XIV.
477 2520 546 2581 cap.
564 2501 692 2581 v111,9).

554 2663 587 2706 De
597 2663 750 2732 indulcorata

224 2781 275 2844 Vl.
292 2782 361 2841 Non
375 2799 450 2842 vero
465 2784 587 2846 tantum
601 2783 731 2866 ligandi,
744 2786 841 2848 sedet
855 2787 996 2848 solvendi
1010 2791 1115 2866 potes-

142 2909 147 2918 ·
183 2880 230 2940 tos
245 2878 392 2940 Ecclesiae
407 2895 557 2941 concessa
571 2886 629 2959 est,
645 2882 777 2961 proinde
797 2884 908 2944 eadem
926 2884 1113 2948 anctoritate

184 2993 247 3055 qua
260 2993 371 3057 poenas
390 2994 446 3038 sen
465 2977 666 3058 poenitentias
682 2997 739 3058 pro
758 2978 897 3060 peccatis
913 2979 1044 3041 luendas
1065 2981 1115 3043 in-

183 3071 272 3152 fligit,
296 3062 411 3151 easque
433 3090 490 3132 sua
511 3073 678 3151 prudentia
699 3075 898 3153 moderatur,
922 3077 966 3138 ita
989 3077 1028 3136 de
1052 3076 1113 3138 illis

183 3169 284 3244 poenis
305 3167 423 3248 aliquid
444 3168 616 3247 remittere,
635 3170 685 3231 vel
703 3149 878 3252 indulgere,
899 3172 949 3233 vel
970 3172 1113 3233 relaxare

182 3265 295 3339 potest,
311 3264 399 3326 salva
412 3265 598 3326 sacramenti
614 3269 737 3348 natura.
751 3265 903 3329 Remissio
917 3286 1019 3350 poenae
1034 3274 1113 3329 tem-

182 3356 298 3435 poralis
319 3360 370 3418 cui
390 3359 526 3439 ligamur
543 3379 650 3422 coram
670 3364 746 3437 Deo,
762 3364 892 3425 dimissa
910 3365 1004 3427 etiem
1019 3367 1114 3445 culpa

183 3454 214 3513 et
227 3468 322 3531 poena
337 3456 466 3516 externa
478 3474 535 3534 per
549 3463 781 3520 sacramentum
795 3459 999 3542 poenitentia,
1013 3460 1114 3522 indul-
