2530 4016
390 309 428 354 DE
449 308 577 355 OBJEG'I'O
598 309 679 356 touls
702 309 856 359 canonica
1029 300 1086 362 3l'l

141 433 190 517 ¹se
204 456 379 534 gesserunt,
397 456 428 514 et
441 451 527 513 nulla
541 451 624 514 lacta
637 453 822 532 poenitentia
837 457 973 537 correpti
987 477 1085 540 usquc

156 552 197 614 ad
227 549 346 611 exitum
377 548 448 610 vitae
476 548 509 608 in
539 549 632 610 malae
661 550 895 613 consuetudinis
924 555 1085 631 proposito
1180 623 1186 638 ,

155 648 404 728 permanserunt,
417 664 455 706 ex
469 648 556 706 certa
569 645 814 725 presumptione
827 646 929 709 finalis
939 647 1087 728 impoeni-

154 743 275 818 tentia,
299 741 415 802 malam
437 743 572 802 mortem
594 741 760 820 appetiisse
782 744 958 822 presumit,
976 763 1014 806 ex
1032 747 1085 810 illo

154 839 277 902 Domini
292 838 394 900 edicto
411 857 418 898 :
440 858 455 896 c
465 838 528 898 Nisi
538 837 757 918 poenitentiam
772 839 909 919 egeritis.
926 861 941 899 o

194 937 309 998 Contra
323 951 397 995 vero
413 933 453 995 ob
468 929 623 994 summam
638 933 787 996 fiduciam
802 953 897 1015 quam
913 936 1084 1000 collocatin

152 1028 348 1112 plenitudine
362 1015 545 1090 meritorum
559 1021 684 1106 Christi,
702 1045 797 1108 quem
811 1029 901 1092 novit
912 1047 969 1110 pro
984 1032 1084 1093 omni·

153 1126 212 1186 bus
226 1126 258 1186 et
270 1121 405 1184 maxime
420 1122 565 1183 fidelihus
579 1125 737 1184 mortuum
752 1140 832 1199 esse,
845 1126 877 1185 et
889 1141 946 1203 pro
961 1141 1083 1188 summo

152 1221 269 1280 induxu
285 1235 379 1299 quem
394 1217 494 1280 credit
509 1217 625 1280 habere
636 1217 675 1278 de
690 1235 747 1278 sua
760 1217 954 1280 institutione
968 1225 1083 1281 utcon-

151 1317 247 1378 duoat
260 1316 403 1378 homines
417 1314 457 1376 ad
471 1316 567 1375 finem
580 1312 737 1391 ultimum,
755 1313 795 1375 ad
818 1314 945 1376 beatam
960 1317 1082 1378 aterni-

150 1417 257 1490 tatem,
274 1412 299 1472 si
315 1412 384 1492 quis
399 1410 545 1474 Ecclesiae
560 1410 766 1472 sacramentis
780 1409 917 1474 refectus
934 1417 965 1474 et
978 1413 1083 1474 muni-

150 1513 211 1585 tus,
228 1507 375 1570 Ecclesia
395 1507 587 1570 orationibus
608 1505 745 1586 adjutus,
762 1507 813 1567 vel
831 1505 942 1568 saltem
957 1507 989 1568 in
1003 1525 1081 1587 pace

149 1603 295 1666 Ecclesiae
317 1601 497 1678 decesserit,
524 1621 596 1663 eum
621 1607 707 1664 certo
731 1601 894 1680 presumit
912 1602 945 1663 in
973 1604 1079 1666 osculo

150 1689 264 1758 Christi
278 1694 459 1772 decessisse,
475 1698 613 1755 mutasse
637 1694 765 1774 quidem
783 1697 910 1773 statum,
927 1713 983 1757 seu
1003 1696 1081 1759 alte-

149 1809 219 1852 rum
232 1791 265 1851 in
279 1789 420 1852 Ecclesia
433 1791 549 1852 statum
562 1790 742 1870 appetiisse,
759 1791 814 1852 sed
829 1794 918 1853 extra
931 1791 1078 1854 Ecclesiae

149 1886 402 1949 communionem
416 1902 479 1947 non
492 1904 560 1946 esse
576 1886 790 1949 constitutum.
805 1886 941 1949 Proinde
956 1892 1080 1952 mortua

148 1983 261 2044 horum
282 1999 415 2061 corpora
438 1999 559 2044 summa
580 1981 730 2060 religione
752 1981 906 2058 custodit,
927 1985 1079 2063 tanquam

148 2066 281 2156 corpora
301 2077 458 2139 sociorum
481 2095 621 2154 suorum,
648 2078 748 2139 sciens
767 2077 812 2138 ita
831 2076 993 2140 charitatis
1012 2079 1078 2140 offi-

148 2174 231 2236 cium
244 2174 277 2235 in
292 2190 345 2235 eos
367 2173 541 2254 rependere
563 2175 627 2254 qui,
643 2173 717 2234 licet
731 2175 762 2236 et
780 2189 911 2251 corpore
926 2173 1030 2251 soluti,
1047 2180 1079 2236 et

146 2270 376 2349 triumphantes
391 2270 423 2330 in
438 2270 536 2346 coelia,
552 2272 659 2331 amant
673 2267 777 2331 adhuc
791 2284 847 2348 pro
863 2267 997 2329 naturali
1011 2272 1079 2331 ten·

148 2365 253 2428 dantia
266 2365 390 2426 unionis
405 2365 633 2446 hyposthaticae
648 2381 781 2444 corpora
795 2379 863 2440 sua,
888 2363 1076 2442 illorumque

147 2463 294 2523 unionem
307 2461 480 2523 seeundum
494 2462 549 2522 Dei
564 2461 768 2539 voluntatem,
786 2459 835 2522 cui
850 2462 923 2522 sunt
937 2459 1077 2539 perfecte

147 2558 332 2634 conformes,
361 2556 542 2618 desiderant
560 2556 778 2618 ardentissime
793 2558 824 2618 et
852 2554 943 2616 simul
967 2572 1077 2616 eorum

31 2723 37 2736 ι
146 2653 375 2732 separationem
396 2652 562 2730 patienter,
588 2655 620 2712 et
641 2649 800 2713 latissime
821 2650 957 2713 tolerant
975 2667 1075 2729 usque

146 2747 187 2808 ad
210 2746 317 2809 saeouli
337 2745 656 2822 consummationem,
682 2762 745 2824 qua
770 2743 827 2811 Dei
850 2743 1077 2823 omnipotentia

145 2834 294 2905 suscitata
307 2860 364 2921 pro
379 2841 436 2904 Dei
445 2841 566 2922 justitia
580 2842 779 2904 assumentur
792 2839 825 2900 in
839 2838 984 2918 gloriam.

185 2940 382 3017 Quapropter
400 2938 468 3018 jam
488 2941 563 2999 tunc
589 2955 608 2998 a
635 2955 692 2998 sua
717 2934 911 2998 institutione
935 2934 1076 2995 Ecclesia

145 3032 203 3092 hac
221 3031 283 3092 fide
303 3037 335 3092 et
355 3035 411 3109 spe
430 3030 560 3110 percita,
582 3045 645 3090 non
663 3031 749 3090 mota
768 3025 900 3105 paganis
924 3025 1075 3102 supersti-

143 3127 290 3205 tionibus,
312 3127 474 3189 consuevit
497 3141 648 3187 excavare
662 3123 817 3202 ¹sepulcra
838 3121 969 3182 mortuis
997 3121 1073 3197 suis,

146 3238 245 3301 eaque
264 3237 387 3282 summa
406 3220 524 3300 pietate
553 3216 721 3281 custodire.
745 3219 785 3279 Ut
806 3219 912 3278 autem
937 3213 1075 3292 pressius

145 3315 336 3396 significaret
367 3315 550 3379 societatem
583 3331 679 3394 quam
715 3315 821 3393 sperat
853 3309 1016 3372 habituros
1042 3309 1075 3370 in

143 3412 265 3475 Christo
280 3416 312 3476 et
325 3413 358 3475 in
372 3413 524 3476 charitate
540 3410 706 3474 defunctos
728 3427 801 3472 suos
822 3407 939 3488 placuit
952 3407 997 3469 illi
1014 3424 1077 3468 non

144 3518 313 3584 segregare
335 3502 404 3565 illos
426 3521 484 3566 nec
507 3503 628 3566 ratione
649 3501 801 3582 sepulcri;
828 3499 883 3562 sed
904 3499 1008 3580 prouti
1023 3517 1077 3560 ea-

944 3594 991 3650 18*
