2476 4022
146 253 165 310 4
355 260 584 308 lNSTlTUTIONES
608 263 690 309 Junls
712 263 868 310 GANONIGI.

149 403 589 483 utilidesdocet,grstia1lei
610 408 668 480 est,
686 422 752 484 quoe
770 404 952 484 dr'ffuuditur
970 406 1001 468 ire
1019 425 1082 468 eor-

148 497 233 559 ditus
247 495 402 556 nostris...
421 498 519 557 Nemo
534 499 640 557 tomen
654 496 727 557 inde
742 498 851 559 credat
870 515 928 558 nos
949 499 1008 560 sub
1023 500 1083 561 hoc

150 592 240 654 titulo
254 608 361 650 rerum
374 590 584 668 spiritualium
599 595 724 653 acturos
738 611 807 654 esse
821 593 861 654 de
875 592 1085 656 invisibilibus

150 684 260 766 gratiae
275 684 330 744 nei
345 685 446 758 donis,
462 684 619 763 siquidem
633 704 695 747 non
709 687 897 749 invisibilem
912 667 1085 750 hic‘llccld·

150 780 205 842 siae
224 785 339 840 statum
358 779 555 859 inquirimus.
574 783 642 841 Nun
662 783 784 860 agimus
796 783 843 844 ¹de
862 781 1009 844 invisibili
1027 784 1084 844 Ilei

151 875 339 939 commercio
354 892 427 935 cum
440 874 603 937 hominum
618 874 789 954 spiritibus,
802 878 858 938 sed
869 881 1030 938 externam
1045 895 1084 940 ae

69 1015 73 1022 -
151 970 304 1033 visibilem
326 968 473 1030 Ecclesia
491 971 698 1032 oeconomiam
720 973 964 1034 consideramus.
985 975 1084 1034 Porro

150 1067 291 1131 Christus
307 1066 413 1128 medie
422 1085 574 1146 corporea
584 1075 616 1129 ct
628 1069 763 1131 visibilis
772 1071 813 1130 ad
828 1069 999 1131 invisibiles
1012 1087 1084 1148 gra·

151 1163 203 1226 tire
219 1163 417 1240 operationes
427 1162 648 1242 producendas
657 1164 825 1226 ordinavit.
838 1165 990 1241 Ecclesia,
1002 1165 1085 1226 hanc

98 1302 100 1306 -
151 1257 291 1320 divinam
304 1257 533 1319 institutionem
546 1258 679 1336 imitata,
692 1264 723 1323 et
736 1260 805 1340 ipsa
818 1262 911 1340 plura
920 1259 983 1320 ulia
996 1258 1084 1319 addi·

151 1357 197 1418 dit
217 1373 369 1434 corporea
383 1361 414 1416 et
436 1355 629 1417 visibilia-
649 1375 720 1436 quae
742 1357 784 1418 sd
805 1356 934 1418 humani
956 1354 1084 1434 spiritus

151 1450 431 1514 sanctificationem
447 1451 613 1515 ordinavit.
630 1454 720 1516 Unde
738 1453 796 1515 sub
816 1454 876 1514 hoc
894 1451 1102 1514 titularem·

150 1545 374 1626 prehendimus
397 1545 503 1606 omnia
523 1547 629 1608 media
649 1565 803 1627 corporea
825 1545 1019 1626 visibiliaque
1042 1545 1084 1607 ad

150 1643 248 1706 vitam
263 1638 457 1719 spiritualem
477 1641 632 1706 ordinata.
648 1642 698 1705 Ad
720 1644 836 1722 duplex
856 1648 962 1703 autem
982 1658 1083 1721 genus

151 1735 293 1799 revocari
308 1741 458 1814 possunt:
475 1736 537 1798 alia
556 1739 640 1799 enim
654 1737 759 1800 medie
772 1738 869 1801 vitam
888 1735 1083 1817 spiritualem

151 1836 337 1913 operantur,
361 1831 555 1910 producunt,
581 1837 676 1915 atquc
700 1833 888 1907 infundunt3
919 1831 981 1894 alia
1007 1848 1082 1892 vero

150 1947 220 1990 eam
235 1934 391 1990 exercent.
404 1929 505 2000 Quare
521 1929 571 1991 hic
586 1929 704 2009 primns
719 1929 829 1992 titulus
844 1927 1003 2008 duplicem
1018 1941 1083 1986 am-

149 2023 295 2104 plectitur
309 2023 571 2102 dissertationem,
588 2043 722 2106 quarum
740 2024 827 2104 prior
849 2023 907 2084 erit
926 2021 965 2082 de
987 2021 1082 2081 rebus

148 2138 219 2203 quae
238 2120 279 2181 ad
298 2119 395 2182 vitam
412 2121 606 2200 spiritualem
625 2120 864 2202 producendam
883 2118 1080 2180 ordinantur.

153 2218 311 2280 Posterior
325 2217 363 2278 de
373 2217 410 2280 iis
426 2235 496 2300 quae
510 2236 566 2298 pro
582 2218 654 2280 vitoe
666 2216 843 2280 christianae
854 2214 1001 2278 exercitio
1012 2230 1087 2294 pre.

152 2318 321 2396 ponuntur.
369 2356 376 2366 ·

442 2487 661 2557 DISSERTATIO
681 2492 799 2550 PRlMA·

180 2643 213 2688 DE
231 2647 314 2688 REBUS
333 2647 392 2694 QUAE
410 2647 444 2688 Au
464 2645 546 2688 Vl'iss
568 2645 743 2688 sermonesve
764 2640 958 2689 PRODUCENDM
977 2639 1055 2688 oncle

556 2733 675 2776 nenton.

193 2889 231 2950 ll.
257 2887 396 2950 Christus
420 2880 571 2948 Dominus
593 2905 776 2950 reversurus
797 2887 837 2948 sd
859 2888 996 2964 Patrem,
1023 2883 1082 2948 hoc

152 2984 350 3064 relinquebat
367 2983 551 3044 mandatum
570 2984 719 3064 apostolis
732 2982 808 3060 suis,
832 3000 910 3063 quos
924 2981 1082 3044 ministros

153 3081 194 3144 ad
231 3081 364 3142 salutem
398 3080 539 3160 gentium
572 3079 805 3161 procurandam
838 3078 1039 3140 ordinaverat
1072 3072 1082 3138 Ξ

158 3199 173 3237 u
186 3179 302 3239 Euntee
310 3176 472 3257 predicate
485 3177 665 3259 econpelr'um
678 3177 758 3238 omui
774 3183 941 3253 crearem
959 3175 1013 3255 qui
1024 3192 1084 3236 cre·

153 3273 261 3336 diderit
274 3283 301 3334 et
315 3273 481 3354 baptizatae
494 3273 594 3354 suerit,
611 3274 658 3334 laic
670 3273 769 3334 celeus
783 3274 839 3336 erit
846 3291 860 3349 ,·
877 3274 928 3354 qui
944 3289 1012 3332 vero
1025 3288 1083 3330 noo

153 3369 320 3448 crediderit,
335 3370 579 3432 condemnabitur.
594 3391 610 3428 o
629 3371 726 3448 Marc,
742 3386 807 3446 xvi,
825 3367 873 3432 lo.
892 3367 981 3432 Unda
996 3366 1083 3429 colli-

153 3466 255 3548 gimus
278 3466 410 3549 duplicis
433 3466 557 3550 generis
577 3467 683 3531 medic
702 3466 743 3530 ad
763 3466 899 3530 salutem
920 3463 1083 3528 hominum
