2548 4020
156 251 215 314 tlt]
362 262 592 310 marmaricum
613 261 698 309 tuuis
720 249 875 309 curarum.

156 406 1086 492 tatemacquiruutmajcremvelminoremseeuudumqucd

156 510 348 585 praeceptum
361 505 464 583 ipsum
479 504 598 584 obligat
611 503 669 564 suh
684 503 775 583 gravi
790 501 840 562 vel
854 500 915 562 sub
929 500 1004 562 levi.

195 603 248 665 IV.
272 606 304 664 2⁰
319 603 354 662 lu
375 599 484 662 ordine
506 599 547 660 ad
567 617 727 679 personas:
751 600 851 659 status
874 600 1090 659 sacramanta-

155 698 233 759 lium
247 697 474 760 determinatur
494 695 642 774 aualogia
660 694 756 755 ducta
776 712 795 754 a
814 699 896 754 statu
912 711 1090 754 sacramen-

156 796 272 869 torum,
289 791 348 852 hac
363 791 430 852 sola
444 788 631 866 differentia,
649 789 733 868 quod
747 788 824 849 illud
835 788 920 868 quod
935 789 967 849 in
982 806 1089 849 sacra-

157 888 268 948 mentis
284 886 402 950 ubtinet
417 884 538 964 dejure
554 884 671 963 diviua,
686 886 746 947 hac
760 885 792 948 in
806 884 1088 946 sacramentalibus

157 984 277 1067 obtinet
291 983 330 1043 dc
341 982 413 1059 jure
429 981 652 1043 ecclesiastico.

197 1083 221 1122 ¹⁰
235 1078 332 1141 Sicuti
342 1077 415 1159 jure
430 1076 535 1138 divino
551 1077 788 1156 distinguuntur
801 1076 936 1138 ministri
951 1093 970 1136 a
989 1075 1090 1136 susci-

155 1175 313 1256 pientibus
326 1174 359 1234 in
373 1193 407 1236 re
423 1177 710 1251 sacramentorum,
730 1173 775 1236 ita
789 1172 861 1253 jura
876 1171 1088 1234 ecclesiastica

156 1272 188 1331 iu
202 1289 236 1332 rc
251 1269 535 1332 sacramentalium.

196 1369 221 1408 ²⁰
237 1366 334 1429 Sicuti
349 1367 453 1428 clerici
465 1366 536 1446 jure
553 1364 659 1428 divino
674 1368 749 1428 suut
761 1365 895 1427 ministri
910 1363 1088 1427 sacramen-

156 1467 260 1526 torum
272 1465 305 1526 in
320 1463 516 1543 oppositione
537 1463 577 1524 ad
597 1463 705 1540 laicos,
726 1463 773 1524 ita
790 1462 861 1542 jure
876 1463 1087 1525 ecclesiastico

156 1559 260 1619 clerici
275 1564 347 1619 sunt
361 1560 496 1621 ministri
509 1559 798 1638 sacramentalium,
814 1562 874 1622 etc.
917 1567 920 1573 “

196 1652 221 1692 ³⁰
235 1652 335 1713 Sicuti
349 1670 412 1713 ucu
426 1672 535 1715 amnes
545 1653 649 1716 clerici
660 1653 731 1734 jure
746 1653 852 1716 diviua
867 1657 939 1715 suut
952 1653 1089 1716 ministri

156 1750 434 1824 sacramentorum,
457 1747 501 1808 ita
519 1766 582 1808 non
602 1764 710 1809 omncs
731 1747 836 1808 cle1ici
860 1746 992 1808 ministri
1014 1750 1089 1808 suut

156 1841 297 1903 omnium
318 1839 605 1906 sacramentalium.
628 1844 691 1906 Sed
706 1843 798 1904 sicuti
816 1843 993 1923 presbyteri
1013 1849 1090 1904 suut

155 1935 289 1997 ministri
299 1935 447 1996 ordinarii
458 1937 599 1998 omnium
608 1941 888 2014 sacramentorum,
900 1937 938 1998 iis
947 1939 1087 2016 exceptis

86 2043 89 2048 '
155 2049 225 2110 quae
246 2027 416 2109 episcopali
439 2031 542 2093 ordini
555 2036 767 2109 reservantur,
790 2032 835 2093 sic
856 2035 889 2095 et
908 2032 1004 2093 iidem
1018 2049 1088 2092 am-

156 2129 242 2188 nium
255 2129 530 2190 sacramentalium
545 2133 618 2191 suut
630 2127 763 2191 ministri
778 2147 848 2211 quae
860 2128 1013 2208 episcopis
1023 2147 1085 2190 nou

155 2228 367 2286 reservantur.

194 2321 220 2360 ⁴⁰
242 2318 419 2400 Episcopali
441 2319 545 2382 ordini
565 2325 766 2383 reservantur
785 2340 824 2382 ea
846 2321 1087 2384 sacramentalia

155 2433 225 2494 quae
236 2414 354 2478 hahent
364 2433 516 2496 majorem
526 2416 705 2497 analogiam
715 2419 1000 2480 cumsacrameutis
1015 2435 1085 2498 quae

155 2515 227 2572 sunt
240 2512 369 2591 propria
382 2513 486 2574 eidem
500 2513 613 2590 ordini,
631 2532 670 2574 ea
692 2532 805 2593 nempe
829 2532 899 2595 quae
921 2515 1088 2576 assimilari

153 2603 301 2664 videntur
314 2607 544 2669 confirmationi
560 2611 591 2671 et
604 2627 701 2670 sacrae
717 2609 907 2671 ordinationi
921 2611 1086 2690 presbyte-

154 2715 261 2760 rurum
276 2719 284 2759 ε
298 2701 427 2779 propria
441 2708 514 2766 suut
523 2706 763 2770 sacramentalia
773 2708 878 2768 amnia
888 2727 957 2788 qua
967 2708 1087 2769 habent

153 2793 307 2874 majorem
321 2797 501 2877 analogiam
515 2818 587 2862 cum
606 2804 812 2866 sacramentis
835 2803 961 2866 illorum
982 2804 1085 2865 ordini

153 2894 299 2974 propriis.

194 2989 219 3028 ⁵⁰
235 2987 322 3050 Sicut
335 2989 458 3070 dejure
472 2991 578 3054 divina
594 2997 740 3075 quaedam
758 2999 913 3060 servanda
934 3000 1008 3058 suut
1027 3015 1084 3076 pro

153 3083 313 3147 validitate
329 3091 609 3169 sacramentorum,
626 3092 670 3154 sic
681 3092 752 3173 jura
767 3093 978 3156 ecclesiastica
992 3094 1086 3172 plura

152 3180 308 3243 servanda
331 3185 405 3245 suut
429 3189 496 3247 tum
518 3187 550 3246 iu
574 3189 683 3250 ordine
705 3191 745 3250 ad
767 3192 941 3267 materiam,
964 3194 1032 3251 tum
1052 3191 1084 3250 iu

153 3275 263 3337 ordina
277 3279 318 3339 ad
333 3279 508 3360 subjectum
516 3302 573 3363 pro
584 3285 744 3349 validitate
755 3287 1040 3350 sacramentalium.
