2548 4020
404 269 443 314 oa
465 269 591 314 omnoro
612 269 694 315 runis
716 232 869 318 uiuorum.
1041 261 1095 320 iol

208 416 319 494 ltaque
334 411 360 473 si
371 411 562 473 consulimus
568 410 621 490 jus
631 411 784 488 naturale,
797 412 915 475 nullam
924 414 1100 476 invenimus

168 511 347 574 absolutam
362 507 603 587 repugnantiam
617 507 813 588 oonoipiendi
828 509 951 587 nuptias
966 527 1039 572 oum
1052 529 1100 572 re·

166 607 293 688 ligiouis
315 603 508 679 diversitate,
535 621 608 664 oum
629 620 756 664 neeesse
778 621 840 664 uon
863 604 903 666 sit
924 606 963 665 ad
988 607 1100 670 indivi-

168 705 267 765 duam
290 702 362 762 vitae
383 687 558 780 eonju'galis
578 699 847 774 consuetudinem,
868 702 1100 764 communicare

169 800 265 863 etiam
279 797 312 856 in
326 795 449 857 divinis.
467 794 531 857 Sed
545 795 719 874 reperimus
734 795 904 856 maximam
914 798 1099 858 convenien-

168 896 245 956 tiam
259 893 292 954 in
307 909 343 954 eo
359 890 444 971 quod
458 891 506 951 vir
527 894 558 951 et
579 908 659 951 uxor
679 890 820 972 ejusdem
841 891 1001 972 religionis
1020 893 1098 965 sint;

169 1009 210 1050 ne
225 988 388 1050 diversitas
403 986 562 1067 religionis
574 987 613 1048 sit
622 987 722 1048 fomes
732 987 896 1050 disoordiae
908 989 1098 1065 domesticae,

170 1086 211 1148 sit
231 1084 406 1165 perieulum
420 1082 632 1144 subversionis
647 1084 774 1146 alterius
794 1084 946 1167 conjugis,
968 1093 1000 1147 et
1020 1085 1101 1147 filio-

170 1197 241 1241 rum
255 1179 408 1241 institutio
423 1177 627 1256 periclitetur.

211 1278 315 1348 Quare
338 1274 480 1336 videmus
498 1271 571 1353 jure
592 1272 698 1333 divino
723 1272 856 1351 positivo
879 1273 1003 1352 nuptias
1026 1274 1101 1334 fide·

169 1371 247 1432 lium
261 1389 335 1432 oum
348 1368 526 1431 infidelibus
541 1367 723 1446 improbari.
745 1369 784 1429 ut
804 1367 931 1447 quidem
951 1368 991 1430 ad
1013 1375 1103 1430 vetus

169 1471 395 1530 testamentum
409 1465 493 1545 quod
509 1464 635 1541 attinet,
653 1481 725 1524 oum
737 1467 827 1526 tanta
841 1467 923 1525 esset
935 1463 967 1524 in
985 1465 1102 1546 populo

171 1565 282 1627 Judaeo
303 1562 484 1642 proclivitas
506 1559 547 1621 ad
569 1559 791 1638 idololatriam,
813 1565 844 1622 et
857 1560 1040 1622 universum
1050 1561 1103 1642 jus

170 1663 344 1720 mosaicum
353 1655 498 1718 tenderet
507 1655 547 1714 ad
557 1654 770 1733 separandum
779 1656 930 1736 populum
940 1657 1103 1718 hebraeum

171 1775 191 1816 a
214 1754 370 1816 oonsortio
391 1752 544 1833 gentium,
567 1752 710 1812 videmus
732 1768 878 1831 expresse
899 1754 957 1816 has
979 1755 1103 1833 nuptias

169 1850 315 1911 interdici
333 1869 339 1910 :
356 1849 483 1911 Denter.
500 1853 529 1910 7.
546 1847 644 1909 Exod.
662 1851 712 1924 34,
736 1849 780 1909 ita
803 1857 838 1910 ut
860 1851 953 1912 Sotus
972 1851 1104 1912 arbitra·

169 1946 279 2007 tussit
301 1945 426 2023 nuptias
448 1945 530 2005 inter
553 1944 702 2005 Hebraeos
727 1950 758 2005 et
781 1944 974 2024 alienigenas
999 1929 1103 2005 irritas

171 2044 277 2104 luisse.
296 2041 358 2104 Sed
373 2061 446 2105 oum
463 2041 518 2103 illa
531 2043 582 2102 lex
604 2059 662 2102 neo
685 2040 817 2103 haberet
839 2041 1012 2103 olausulam
1034 2041 1105 2101 irri-

170 2143 302 2216 tantem,
319 2157 377 2199 ueo
392 2138 511 2199 directo
532 2137 597 2199 lata
616 2140 698 2198 esset
715 2135 747 2195 in
769 2136 976 2198 substantiam
996 2139 1105 2198 matri-

171 2234 279 2311 monii,
295 2233 399 2295 verior
413 2233 569 2295 sententia
582 2237 669 2294 tenet
683 2249 745 2293 non
760 2230 855 2292 luisse
869 2231 1055 2300 irritantem.

210 2331 300 2390 Adde
315 2330 559 2408 prohibitionem
573 2330 659 2389 illam
673 2347 731 2389 neo
740 2328 920 2407 generalem
931 2328 1036 2402 fuisse,
1049 2328 1103 2388 sed

171 2428 297 2488 tantum
320 2426 519 2506 prohibuisse
543 2425 702 2488 connubia
725 2427 928 2488 Hebraeorum
947 2441 1019 2484 oum
1037 2415 1124 2500 sep?

171 2529 237 2585 tem
263 2523 443 2585 nationibus
467 2523 643 2585 infidelium
672 2523 725 2603 qui
753 2522 939 2584 habitabant
964 2507 1105 2582 interra

171 2619 341 2696 chanaan,
372 2623 408 2681 ut
434 2623 506 2699 post
534 2625 677 2682 sanetum
703 2620 858 2681 Thomam
885 2617 1106 2680 animadvertit

170 2716 289 2778 Benod.
317 2718 399 2793 XIV,
426 2717 557 2778 Constit.
586 2715 744 2796 Singulari
765 2717 845 2777 nobis
868 2719 886 2778 9
909 2716 987 2778 febr.
1014 2717 1102 2776 1749.

173 2813 262 2876 Unde
277 2831 339 2874 uon
355 2815 468 2875 desunt
483 2813 627 2892 exempla
642 2814 822 2892 nuptiarum
836 2815 868 2874 in
878 2815 986 2876 Veteri
999 2815 1105 2874 'lesta-

171 2913 278 2972 meuto
293 2929 365 2971 oum
380 2909 574 2990 alienigenis,
599 2927 669 2989 quae
691 2911 741 2971 vel
765 2909 909 2988 improbe
931 2911 1103 2983 eontracta,

171 3013 207 3069 ut
220 3026 297 3069 vera
310 3006 468 3069 oonnubia
488 3007 651 3086 recognita
669 3009 752 3082 sunt,
776 3007 826 3066 vel
848 3005 942 3066 etiam
964 3005 1104 3065 oessante

172 3104 312 3184 periculo
327 3106 358 3166 et
372 3104 494 3165 ratione
514 3121 609 3182 super
624 3120 720 3182 quam
739 3100 870 3162 fundata
888 3103 956 3160 erat
968 3099 1018 3160 lex
1033 3116 1106 3176 pro·

171 3200 295 3276 bibens,
311 3199 548 3260 assuetissimis
563 3199 658 3260 etiam
672 3197 815 3276 personis
836 3199 998 3278 eontracta
1020 3199 1103 3269 sunt,

171 3311 230 3354 nee
244 3292 432 3372 improbata,
450 3298 484 3354 ut
497 3293 579 3354 inter
593 3293 710 3353 caetera
719 3290 955 3352 matrimonium
964 3286 1104 3351 Estheris

171 3407 245 3452 eum
258 3392 405 3451 Assuero.

212 3487 260 3549 Ad
289 3489 413 3550 Novum
440 3504 513 3548 vero
538 3488 772 3547 Testamentum
795 3485 880 3566 quod
894 3492 1027 3565 spectat,
1042 3502 1102 3546 oon
