2530 4016
162 279 219 339 322
368 286 598 334 rrsrrrorrcnus
618 286 701 332 sunrs
723 285 878 332 cancrum.

161 434 297 510 cesserit,
318 431 377 492 nisi
398 429 538 493 Ecclesia
563 428 763 508 parochialis,
793 430 843 490 cui
871 440 1096 498 successerunt

158 527 301 608 pluribus
316 525 348 584 in
358 523 434 586 locis
449 522 575 602 publica
589 522 779 584 coemeteria.
793 523 942 602 Estlenim
952 526 1095 588 Ecclesia

158 622 212 683 illa
228 621 279 682 cui
293 620 459 682 defunctus
475 619 568 680 dehet
585 617 675 679 initia
696 621 728 680 et
747 636 933 698 progressus
955 623 987 682 et
1008 640 1091 684 com-

158 718 362 798 plementum,
379 719 410 778 et
425 714 541 776 exitum
556 731 620 774 suae
640 713 712 774 vita
732 713 916 792 spiritualis,
941 719 977 777 ut
997 735 1094 796 supra

159 815 348 878 dictumest.
365 845 406 858 -·
419 813 494 874 Late
510 810 549 870 de
564 810 624 872 hac
637 827 672 870 re
687 809 810 873 disserit
825 811 974 874 Ferraria.

488 1006 684 1067 TITULUS
712 1005 755 1066 ΙΙ.

215 1165 254 1208 DE
277 1160 408 1210 INTERNO
430 1157 582 1205 EEGLESIAE
603 1159 697 1202 STATU
719 1159 751 1203 IN
774 1158 886 1205 ORDINE
907 1163 948 1206 AD
969 1163 1025 1208 RES

337 1251 340 1257 ’
521 1253 727 1300 TEMPORALES.

197 1395 315 1454 Praeter
328 1408 377 1452 res
392 1370 569 1469 spirituales
584 1405 663 1467 quas
677 1386 774 1450 habet
786 1387 928 1458 Ecclesia
936 1392 1091 1470 tauquam

155 1489 261 1550 media
275 1488 393 1549 directo
408 1485 565 1548 destinata
579 1483 619 1545 ad
641 1483 878 1564 acquirendam,
900 1492 1090 1549 conservan-

155 1585 241 1659 dam,
257 1582 494 1662 perficiendam,
511 1580 720 1642 exercendam
734 1580 831 1641 vitam
844 1580 919 1641 fidei
940 1585 971 1643 et
986 1583 1090 1644 ohari-

154 1679 227 1741 tatis
241 1695 304 1756 qua
319 1675 600 1754 supernaturaliter
620 1677 708 1754 vivit,
731 1680 763 1740 et
783 1677 823 1738 ad
843 1676 915 1741 finis
936 1697 1089 1759 superna·
1145 1730 1147 1734 .
1251 1685 1252 1713 ³

154 1772 264 1834 turalis
289 1771 519 1832 assecutionem
542 1771 688 1835 redditur
709 1772 961 1852 proportionata,
977 1765 1090 1840 ‘habet

155 1865 249 1928 etiam
263 1881 313 1926 res
328 1863 517 1942 temporales
537 1863 651 1943 quibus
664 1864 724 1926 sihi
738 1869 900 1945 comparet
918 1869 948 1928 et
961 1868 1089 1929 tueatur
1178 1849 1191 1874 ⁰

155 1964 253 2025 vitam
274 1967 305 2024 et
328 1959 563 2026 subsistentiam
589 1960 807 2040 temporalem,
835 1979 905 2041 quae
929 1968 978 2023 est
999 1963 1088 2027 velut

155 2061 353 2141 suppositum
374 2063 404 2118 et
424 2056 561 2118 conditio
584 2055 651 2116 siue
675 2074 737 2136 qua
758 2059 854 2120 rebus
871 2059 1087 2138 spiritualibus

154 2174 217 2217 non
230 2158 339 2235 posset
351 2153 515 2216 intendere
530 2171 588 2220 neo
602 2151 709 2214 divina
722 2152 880 2233 legatione
894 2154 994 2235 fungi.

193 2253 291 2312 Porro
306 2252 355 2312 hae
370 2267 420 2310 res
434 2248 581 2311 Ecclesia
596 2249 785 2328 temporales
808 2267 870 2324 non
890 2251 1008 2312 habent
1027 2271 1085 2314 na-

153 2354 257 2409 turam
272 2345 443 2426 quamdam
457 2345 515 2406 sibi
531 2345 691 2423 propriam
705 2348 736 2406 et
749 2345 942 2424 singularem
959 2365 1023 2427 qua
1036 2347 1086 2408 in-

153 2445 287 2506 trinsece
309 2442 454 2504 differant
475 2459 494 2504 a
515 2441 636 2504 caeteris
655 2442 765 2502 mundi
786 2443 880 2503 rebus
890 2461 965 2522 -quae
980 2463 1000 2506 a
1018 2446 1084 2505 Deo

153 2537 274 2601 naturae
310 2541 437 2600 auctore
470 2554 526 2616 pro
558 2536 722 2615 temporali
755 2537 917 2599 hominum
949 2539 1084 2602 utilitate

153 2637 265 2695 creatae
281 2634 362 2691 suut.
394 2633 472 2692 Tota
496 2629 671 2691 differentia
695 2649 764 2710 quae
786 2649 805 2691 a
829 2631 952 2699 coeteris
971 2634 1084 2696 mundi

152 2728 246 2790 rebus
256 2729 472 2801 secernuntur,
490 2730 537 2788 est
551 2727 725 2790 extrinseca
740 2730 770 2790 et
784 2728 1031 2806 apprehenditur
1045 2750 1084 2792 ex

153 2823 362 2900 distinctione,
373 2823 526 2903 quatenus
534 2821 610 2883 dum
620 2825 745 2886 coeterae
756 2824 962 2886 soecularibus
973 2825 1083 2888 usibus

151 2923 224 2984 sunt
237 2920 382 2997 addicta,
400 2919 448 2980 hae
464 2917 682 2979 ecclesiasticis
697 2920 806 2980 usibus
820 2919 1029 2984 destinantur.

191 3020 265 3079 Heec
290 3035 362 3078 oum
383 3015 428 3078 ita
446 3013 518 3090 siut,
539 3017 681 3076 nostrum
695 3031 759 3077 non
773 3015 832 3078 erit
845 3017 958 3077 harum
973 3035 1083 3079 veram

150 3116 295 3176 naturam
310 3118 341 3173 et
355 3111 475 3190 species
488 3110 678 3191 investigare
694 3116 749 3175 aut
769 3112 858 3174 varia
877 3112 952 3192 jura
974 3111 1082 3174 distin-

150 3227 247 3286 guere
268 3225 338 3287 quae
360 3207 444 3268 circa
465 3225 518 3268 eas
539 3206 718 3268 hominibus
740 3214 868 3286 possent
887 3214 1080 3287 competere,

150 3302 200 3363 vel
222 3304 283 3364 alia
304 3301 497 3384 hujusmodi,
521 3321 590 3383 quae
613 3323 675 3364 non
699 3304 892 3367 constituunt
912 3305 988 3384 quid
1006 3324 1083 3385 pro-

86 3455 90 3462 ,
150 3395 253 3474 prium
263 3397 343 3474 juris
358 3397 465 3474 nostri,
478 3398 582 3476 prouti
597 3417 661 3461 non
671 3399 882 3474 determinant
891 3405 1082 3480 conceptum

149 3507 254 3550 rerum
273 3491 492 3568 temporalium
516 3493 549 3552 in
568 3500 722 3572 quantum
741 3499 815 3569 sunt
837 3496 1078 3568 ecclesiastieae:
