2548 4020
197 262 255 326 tm
405 272 634 324 rnsrrrormuns
655 274 738 322 sums
760 273 915 324 onnonrcr.

198 427 386 498 ordinatum,
402 423 435 484 id
456 440 549 484 omne
573 423 707 502 pertinet
730 423 770 483 ad
792 423 1003 484 exercendum
1027 423 1129 484 ehari-

196 526 294 583 tatem
308 521 339 580 in
353 522 465 581 Deum.
482 521 627 580 Jamvero
642 519 717 580 talia
731 525 803 581 sunt
819 537 826 579 ε

240 617 308 680 Ubi.
325 621 355 679 l⁰
369 617 451 678 Loca
466 613 561 675 anltui
575 615 744 687 destinata3
792 621 800 649 '

238 711 325 788 Quid.
340 699 513 790 2⁰'Ohjeota
528 709 625 772 cultui
641 711 816 790 proposita3

239 808 347 883 Quibus
361 807 496 870 auxiliis.
514 809 548 869 3⁰
568 807 718 882 Utensilia
736 825 808 888 quae
831 807 872 868 ad
886 808 1004 870 cultum
1027 809 1130 870 insor-

197 903 302 977 viunt3

238 999 394 1076 Quomodo,
409 1003 442 1059 4⁰
457 1000 658 1062 Gaeromoniae
674 1016 744 1078 quar
757 1000 877 1073 cultum
891 999 1048 1080 dirigunt3

238 1092 370 1166 Quaado.
386 1097 418 1152 5⁰
432 1094 586 1172 Tempora
600 1093 697 1154 oultui
711 1093 884 1167 destinata3

238 1188 318 1263 Quis.
334 1192 365 1250 6⁰
380 1189 487 1252 Offioia
501 1207 571 1268 quae
587 1188 683 1250 cultui
698 1194 847 1268 presunt.

236 1287 281 1346 De
295 1286 425 1366 singulis
440 1287 488 1347 his
501 1285 597 1346 rebus
611 1304 681 1364 quae
697 1284 756 1347 sub
770 1284 977 1365 appellatione
997 1285 1129 1347 veniunt

197 1399 301 1442 rerum
315 1399 474 1442 sacrarum
489 1379 531 1441 ob
542 1381 756 1455 immediatam
771 1380 1012 1443 destinationem
1030 1399 1125 1461 quam

197 1477 315 1538 hahent
328 1477 454 1539 servitio
470 1477 586 1556 divino,
603 1477 754 1539 distinctis
769 1476 905 1539 articulis
920 1479 1097 1555 loquemur.
1187 1501 1191 1506 ·

505 1655 671 1718 nnrrconos'
691 1672 811 1719 ramos.

339 1782 729 1851 natantianatantia
744 1769 980 1860 corastinum.

235 1940 274 2001 ll.
299 1939 370 2001 lam
389 1940 460 2000 inde
482 1939 522 2000 ah
536 1940 749 2019 apostolorum
764 1945 853 2001 etate
869 1939 1024 2001 christiani
1040 1947 1128 2002 oorte

196 2036 375 2098 habuerunt
387 2039 467 2116 looa,
491 2037 532 2097 ad
547 2056 618 2117 quae
641 2037 822 2116 frequenter
841 2037 1068 2098 conveniebant
1091 2043 1130 2100 ut

196 2149 246 2192 ras
261 2131 381 2193 divinas
395 2135 428 2193 ot
442 2151 546 2193 sacras
567 2135 755 2212 peragerent
771 2151 778 2192 :
796 2132 863 2192 hoeo
881 2134 950 2193 looa
965 2133 1049 2194 varia
1069 2152 1129 2195 no-

197 2227 281 2288 mina
303 2227 483 2290 habuerunt
503 2247 600 2309 penes
624 2227 850 2290 aeclesiasticos
871 2236 1014 2290 auctores
1037 2246 1044 2288 :
1073 2249 1128 2292 vo·

197 2325 266 2384 oata
290 2331 362 2384 sunt
387 2317 517 2385 oratorio
544 2325 633 2408 quasi
664 2325 743 2402 looa
761 2325 926 2399 orationis,
962 2324 1126 2400 dominico,

197 2420 286 2497 quasi
299 2421 412 2482 domus
425 2422 492 2495 Dei,
508 2421 586 2482 lorte
602 2421 680 2482 tituli
692 2439 731 2482 ox
744 2421 833 2482 titulo
849 2438 943 2500 quem
957 2421 1017 2481 illis
1028 2439 1129 2501 appo·

197 2515 315 2577 nebant
346 2516 389 2595 pii
416 2516 612 2591 fundatores,
635 2516 822 2597 prophetico,
850 2516 1022 2598 apostolico,
1046 2536 1130 2577 mor-

198 2611 279 2690 tyrio
303 2613 328 2671 si
351 2612 383 2670 in
406 2615 590 2673 memoriam
614 2613 785 2692 prophetae,
812 2611 957 2690 apostoli,
980 2613 1128 2690 martyris

198 2704 367 2782 aedifioata;
390 2705 515 2768 basilica
529 2709 554 2768 si
577 2716 670 2770 antea
683 2707 816 2769 fuissent
829 2708 943 2769 domus
956 2709 1051 2788 regiae
1071 2727 1130 2768 au-

197 2803 317 2865 diendis
331 2805 443 2877 nausia,
469 2809 517 2867 vol
532 2806 599 2866 aliis
623 2808 756 2888 negotiis
777 2807 911 2886 publicis
934 2807 1125 2881 constitutae,

197 2909 228 2964 et
243 2902 314 2964 dein
330 2921 369 2964 ex
382 2901 470 2983 regia
487 2903 671 2965 liberalitate
686 2904 862 2964 christianis
886 2905 1010 2966 donatae
1026 2913 1060 2966 ut
1083 2905 1129 2964 ibi

198 3018 271 3060 suos
299 3006 469 3062 conventos
495 3001 683 3078 peragerent
712 3018 719 3057 :
751 2999 850 3060 serius
878 3000 962 3062 diota
990 3004 1064 3062 sunt
1096 3009 1131 3063 et

199 3097 305 3177 teotplo
329 3098 455 3177 quando
472 3085 624 3174 videlieet,
650 3095 786 3173 collapsa
797 3095 921 3177 jamdiu
942 3098 1127 3176 gentilitate,

198 3194 370 3274 periculum
394 3193 501 3255 aberat
515 3193 727 3254 confundendi
750 3194 820 3256 looa
837 3192 1005 3255 christiano
1029 3193 1130 3254 oultni

197 3291 353 3351 destinata
373 3308 444 3350 oum
457 3290 583 3369 templis
607 3289 736 3350 ationis
759 3290 933 3369 gentilium.
958 3289 1019 3351 Sed
1042 3307 1131 3349 oom-

197 3384 321 3443 munius
336 3385 403 3445 hoeo
417 3386 485 3446 looa
495 3387 655 3465 appellare
664 3387 884 3448 consueverint
894 3385 1046 3462 Ecclesia,
1062 3389 1130 3445 tra-

196 3479 289 3540 duoto
312 3481 438 3542 nomina
465 3500 485 3542 a
507 3482 751 3562 congregatione
775 3484 1029 3555 christianorum,
1055 3499 1128 3560 quae
