2530 4016
195 263 253 322 296
406 271 636 318 rusurrurmuns
656 271 739 318 mars
759 271 914 318 canorum.

193 421 225 482 in
240 415 446 495 hospitalibus
462 415 679 478 ecclesiasticis
691 414 903 478 etlaicalihus.
916 417 1127 496 Hospitalium

194 511 276 574 enim
289 501 448 571 laicalium
468 508 695 570 administratio
712 509 751 569 ab
766 508 804 568 iis
817 507 960 590 personis
974 513 1065 590 gesta
1079 518 1127 573 est

193 625 263 688 quae
278 607 365 669 adid
379 607 528 682 muneris,
546 604 637 684 juxta
658 604 851 667 fundationis
872 605 1009 684 tabulae,
1035 614 1127 672 eraut

192 708 323 780 vocatae,
340 706 464 766 servato
479 703 581 764 solum
595 702 699 782 aliquo
715 703 894 764 interventu
909 706 940 765 et
961 703 1126 782 vigilantia

193 800 377 883 episcopalis
392 799 586 862 auctoritatis
600 800 665 860 sive
681 817 720 859 ex
738 799 880 860 civilibus
898 800 1126 878 imperatorum

192 894 366 974 praesertim
379 893 547 954 iustiniani
567 892 852 971 constitutionibus,
878 893 943 956 sive
966 897 1124 958 canonicis

191 989 414 1053 sanctionibus.
443 989 498 1050 Est
525 988 609 1048 enim
634 989 799 1068 episcopus
828 993 1002 1069 exequutor
1031 994 1124 1053 natus

193 1084 332 1145 omnium
346 1083 473 1162 piarum·
484 1081 681 1144 voluntatum
695 1099 760 1144 suae
776 1082 932 1170 dioecesis,
955 1090 1003 1146 est
1016 1086 1124 1146 mode-

190 1185 277 1240 rator
290 1181 382 1240 natus
397 1176 535 1239 exercitii
551 1176 716 1239 charitatis
735 1179 913 1242 christianae
933 1179 967 1240 iu
987 1198 1046 1242 sua
1068 1182 1125 1242 Ec-

192 1275 298 1336 clesiu.

232 1372 273 1431 At
299 1387 374 1432 vcro
403 1369 457 1431 ubi
481 1368 650 1448 hospitalia
676 1370 802 1431 fuerunt
823 1371 1035 1434 ecclesiastica
1058 1373 1123 1436 sive

192 1468 266 1547 quia
280 1471 369 1528 erant
384 1465 594 1527 derivationes
608 1466 723 1545 peculii
738 1467 951 1545 ecclesiastici,
969 1469 1034 1531 sive
1050 1471 1125 1550 quia

192 1563 402 1625 ecclesiastica
415 1564 601 1625 auctoritate
612 1562 743 1625 lundata
753 1564 879 1642 speciali
891 1566 1122 1644 quodammodo

191 1659 300 1720 habita
326 1661 408 1736 sunt,
438 1664 591 1738 tanquam
614 1649 826 1722 ecclesiastica
845 1661 987 1724 inst'tuta
1011 1665 1043 1725 et
1064 1666 1123 1727 sub

191 1755 409 1835 cpiscoporum
437 1753 686 1815 diaeoesanorum
720 1754 991 1818 administratione
1020 1761 1124 1838 posita

191 1855 272 1914 suut.
290 1852 336 1911 lla
343 1867 418 1911 vero
428 1848 526 1911 suncti
538 1852 610 1911 sunt
618 1849 740 1912 idoneis
750 1853 926 1932 praepositis
934 1854 1120 1932 rectoribus,

192 1947 245 2028 qui
267 1947 362 2009 totius
386 1944 665 2008 administrationis
689 1965 798 2009 curam
819 1952 981 2028 gererent,
1005 1939 1058 2030 qui
1081 1950 1122 2013 de

190 2044 310 2124 gremio
325 2042 537 2121 capitulorum
555 2044 611 2104 aut
628 2043 891 2106 monasteriorum
912 2045 1120 2126 eligebantur,

191 2138 358 2219 siquando
383 2138 548 2218 hospitale,
576 2141 610 2201 ut
629 2139 726 2200 moris
751 2145 829 2218 erat,
852 2159 951 2222 prope
973 2143 1122 2205 ecclesias

190 2235 242 2298 vel
256 2234 452 2297 cathedrales
468 2235 522 2295 aut
536 2237 758 2297 conventuales
773 2239 841 2299 erat
855 2241 1042 2300 extructum.

231 2334 294 2392 Nec
309 2332 407 2392 semel
421 2331 539 2393 factum
554 2333 600 2392 est
614 2334 648 2393 ut
663 2331 861 2411 apprehensa
873 2334 988 2414 peculii
1002 2340 1123 2414 tempo·

192 2429 275 2505 ralis,
293 2428 474 2490 reddituum
488 2427 709 2507 temporalium
724 2428 951 2492 administratio
970 2435 1122 2511 tanquam

192 2523 267 2603 quid
282 2541 458 2585 connexum
473 2541 545 2584 eum
555 2523 708 2606 spirituali
720 2525 934 2588 moderatione
945 2526 1120 2604 hospitalis,

191 2637 229 2678 cx
245 2604 378 2696 utroque
398 2620 568 2680 conflatum
591 2619 631 2681 sit
651 2637 750 2680 unum
772 2620 913 2683 officium
934 2622 1123 2685 ecclesiasti-

192 2731 273 2788 cum,
291 2730 347 2772 seu
362 2713 528 2790 hospitalia
543 2718 649 2777 erecta
669 2716 730 2778 siut
750 2716 836 2781 velut
853 2717 1017 2796 beneficia,
1044 2737 1123 2798 quo-

191 2825 261 2868 rum
275 2805 365 2868 titulo
381 2807 486 2869 clerici
500 2809 731 2874 ordinarentur.

231 2903 321 2977 Quod
335 2922 409 2966 vero
424 2904 560 2984 partinet
574 2906 615 2967 ad
628 2906 793 2970 inferiores
808 2909 1009 2989 hospitalium
1022 2911 1121 2972 admi-

191 3001 316 3079 nistros,
334 3001 378 3064 illi
392 3001 567 3082 praesertim
580 3001 663 3064 inter
677 3021 730 3064 eos
749 3005 802 3084 qui
824 3023 907 3068 curae
926 3005 1122 3068 infirmorum

192 3098 441 3176 destinabantur,
461 3098 551 3186 juata
571 3099 717 3162 Ecclesiae
732 3099 947 3178 intentionem,
965 3102 1123 3165 debebant

192 3211 260 3253 esse
275 3193 413 3254 clericali
426 3198 557 3257 tonsura
569 3195 719 3276 insigniti,
737 3198 876 3276 stagera
890 3197 1049 3260 debebant
1071 3216 1123 3259 re-

191 3289 335 3368 gularem
348 3289 446 3351 vitam
460 3290 712 3368 ecclesiasticam,
728 3289 812 3352 uude
830 3291 948 3355 factum
967 3292 1014 3356 e'st
1036 3294 1122 3373 quod

190 3384 223 3442 in
237 3385 344 3446 multis
359 3385 562 3466 hospitalibus
580 3388 759 3451 introducta
781 3389 821 3450 sit
843 3390 988 3469 quaedam
1010 3391 1122 3472 regula

191 3476 231 3538 ad
246 3476 343 3539 instar
356 3477 598 3561 monachorum
610 3486 682 3563 post
694 3500 739 3548 ΧΗ
754 3485 905 3549 saeculum
925 3505 973 3548 ex.
994 3485 1046 3566 gr.
1068 3504 1123 3548 or-
