2476 4022
333 273 372 320 nn
394 276 523 326 osrncro
543 281 625 328 rums
647 282 806 330 cnuonrcn·
991 276 1027 336 ol

111 414 317 492 baptisterium
333 418 495 498 collocato,
513 426 544 484 et
557 423 725 503 aliquando
740 425 815 504 ipsis
834 427 866 488 in
884 428 1029 492 domibus

111 511 299 573 sacerdotum
313 514 363 573 vel
378 513 410 574 in
426 518 561 594 capsulis
579 519 690 599 ligneis
709 539 804 598 penes
823 522 933 584 domos
951 523 1030 586 fida-

109 605 186 683 lium,
208 611 372 672 consucvit
390 612 533 692 religiose
553 618 706 677 asservari
725 617 785 677 sub
803 618 907 696 specie
925 621 1026 699 panis,

107 701 164 761 sive
179 703 216 762 ad
233 723 326 765 usum
340 707 508 784 spiritualis
522 711 695 788 alimonia,
713 713 777 774 sive
796 713 837 774 ad
856 717 1027 778 veneratio·

106 813 191 867 nem.

115 871 198 954 Sed
219 895 349 960 liberior
368 899 477 962 isthac
499 901 663 980 disciplina
683 905 838 966 retinendi
860 905 1027 966 Eucharis-

38 1031 41 1042 .
105 986 172 1048 tiam
192 989 391 1055 domibust
360 995 455 1056 ctiam
473 999 614 1058 fidelium
632 1000 833 1062 coercitat
786 1005 833 1062 est
851 1019 1026 1081 quumam-

106 1081 176 1159 plius
198 1103 261 1146 non
287 1089 493 1154 subsisterent
519 1095 670 1172 speciales
697 1097 758 1158 illae
784 1095 1024 1158 circumstantie

106 1195 166 1257 qua
180 1181 264 1242 illam
279 1185 319 1245 ob
338 1187 532 1264 spiritualem
551 1192 659 1269 populi
679 1191 840 1252 christiani
859 1192 1024 1254 necessita·

104 1276 160 1335 tem
178 1276 378 1344 induxerunt.
396 1285 461 1345 lmo
480 1303 538 1346 nec
556 1285 589 1346 in
608 1287 752 1348 omnibus
771 1285 909 1348 ecclesiis
930 1286 1023 1348 hodie

103 1367 167 1432 licet
183 1381 252 1444 ea'm
272 1375 419 1455 retinere,
435 1375 491 1439 sed
507 1380 609 1441 solum
623 1381 655 1440 in
671 1380 914 1460 parochialibus,
929 1399 1024 1460 regn-

102 1461 208 1526 laribus
229 1472 262 1529 et
282 1470 533 1550 cathedralibus3
558 1480 678 1539 caterae
699 1477 842 1558 indigent
859 1475 1022 1557 privilegio

102 1562 272 1638 apostolico.
300 1567 445 1648 Demum,
470 1589 567 1650 quum
594 1574 741 1636 Ecclesiae
769 1574 848 1636 fides
876 1575 915 1636 sit
937 1575 1022 1654 quod

100 1660 258 1734 prasentia
271 1663 364 1724 realis
379 1666 530 1744 perduret
544 1671 648 1748 quoad
663 1672 782 1748 species
802 1688 865 1734 non
883 1688 1022 1733 corrum-

99 1755 215 1831 pantur,
232 1775 278 1830 ne,
286 1758 499 1826 irreverentiae
519 1769 694 1843 exponatur
712 1773 953 1844 sacramentum,
970 1768 1021 1830 vel

97 1847 252 1912 fraudetur
265 1854 366 1932 pietas
379 1856 520 1938 fidelium
533 1859 616 1922 bono
631 1861 795 1942 spirituali,
807 1867 958 1926 statutum
973 1871 1020 1927 cst

98 1948 129 2005 ut
139 1944 265 2026 singulis
280 1954 519 2029 quatuordecim
533 1955 644 2019 diebus
658 1959 854 2022 Eucharistiae
866 1961 899 2020 in
914 1977 1018 2022 sacra·

96 2039 136 2101 rio
158 2043 205 2103 vel
229 2044 348 2108 ciborio
371 2050 562 2112 asservando
587 2059 802 2118 renovaretur.
829 2058 910 2118 Nota
933 2058 1017 2136 quod

97 2153 162 2198 usus
174 2141 411 2220 antiquissimus
426 2147 572 2208 servandi
583 2150 812 2212 Eucharistiam
820 2151 1017 2230 potissimum

97 2236 155 2296 erat
168 2234 305 2298 directus
320 2257 377 2317 pro
394 2243 613 2307 communione
627 2245 833 2308 infirmorum.

126 2329 156 2388 2⁰
169 2329 289 2392 Praeter
302 2336 549 2398 asservationem
562 2345 725 2418 receptum
743 2344 790 2402 est
806 2340 838 2400 in
853 2339 1015 2401 ecclesias-

97 2419 175 2485 ticam
190 2424 390 2504 disciplinam
405 2434 440 2492 ut
452 2433 650 2500 Eucharistia
663 2436 815 2515 publice
807 2455 839 2496 m
858 2434 1015 2516 supplica·

96 2514 259 2580 tionibus
233 2539 407 2606 circumges
409 2531 503 2606 tetur,
518 2531 634 2610 populo
649 2531 812 2595 adoranda
825 2537 962 2613 exponat
963 2550 1012 2610 ur,

97 2629 153 2677 cum
172 2618 228 2680 illa
248 2623 363 2700 pupulo
383 2625 598 2692 benedicatur.
616 2631 923 2712 Gircumgestationis
938 2648 1013 2695 usus

98 2707 315 2795 antiquissimus
337 2724 413 2785 est:
438 2725 476 2785 de
495 2724 547 2786 illo
568 2737 773 2791 monumenta
787 2727 939 2790 habemus
954 2749 1011 2810 pro

98 2804 130 2868 dis
112 2811 245 2892 aciplina
259 2816 406 2882 Ecclesiae
420 2822 583 2901 gallicanae
597 2845 613 2887 e
615 2827 810 2954 tbispanicae
821 2827 1010 2910 jamdudum

98 2919 184 2973 trac
202 2928 234 2975 rr
253 2909 312 2976 vel.
331 2933 388 2980 vu.

125 3004 181 3068 Sed
205 3026 303 3088 quum
326 3019 398 3078 εωα
424 3034 456 3078 xl
478 3019 686 3117 Berengarius
715 3027 746 3085 et
768 3023 850 3084 illius
872 3021 1009 3096 fautores

99 3105 349 3173 contradixerint
309 3115 612 3180 ttt'transsubstan
556 3122 612 3180 itia
613 3121 687 3200 inni,
704 3139 780 3182 cura
790 3118 936 3180 Ecclesiae
951 3118 1009 3182 fuit

98 3196 122 3253 ll
138 3200 274 3266 lidclium
294 3210 396 3272 cultus
419 3213 518 3292 magis
538 3218 702 3298 magisque
725 3237 800 3299 erga
821 3216 881 3278 hoc
902 3233 1008 3279 sacra-

98 3303 217 3362 1tetrum
231 3288 430 3374 excitaretur.
448 3314 513 3374 Hac
526 3315 567 3378 de
582 3334 677 3378 causa
695 3319 839 3380 Urbanus
858 3318 909 3382 IV
918 3316 1006 3378 insti-

98 3387 183 3460 lusan
152 3403 427 3488 atsulemnitatem
438 3416 577 3492 corporis
588 3416 712 3492 Christi,
725 3423 756 3476 et
769 3416 842 3477 inde
857 3433 932 3477 usus
946 3417 1007 3477 cir-

99 3497 291 3576 laureacensi
306 3505 673 3606 publicesacramentum
683 3513 898 3596 frequentior:
915 3515 1004 3593 lapsu

179 3632 242 3679 ror,
263 3632 297 3684 11,'
878 3633 895 3688 4
914 3654 921 3658 ·
957 3619 960 3621 ⁴
