2548 4020
153 268 208 327 lai
357 275 585 324 rusurrurrouss
605 274 688 321 rurus
709 273 864 320 cnuourcr.

152 441 221 486 ram
246 419 374 502 genuit,
408 437 479 502 qua
503 423 550 480 est
572 416 830 501 descendentium
853 422 885 480 et
907 418 1084 482 ascenden-

152 521 241 584 tium.
325 537 328 544 ·

191 614 288 677 Linea
305 611 522 677 transversantis
541 613 587 672 est
608 608 705 670 series
722 626 929 688 personarum
947 629 1084 694 quarum

152 729 216 772 una
230 709 323 771 aliam
337 725 399 771 non
413 707 525 788 gignit,
541 706 597 769 sed
611 723 720 767 omnes
734 705 774 768 ali
793 721 857 767 una
874 724 932 787 per
948 724 1085 786 genera-

153 807 280 870 tionem.
486 867 489 874 ,
806 807 809 814 ’
993 875 995 878 .

192 904 327 965 Possunt
341 905 447 962 autem
461 898 577 964 distare
588 917 608 959 a
621 899 778 960 communi
793 898 897 977 stipite
907 898 1082 978 aqualiter,

153 1001 203 1062 vel
216 996 431 1078 inaequaliter;
448 995 531 1056 linea
545 995 674 1074 aequalis
689 997 721 1056 et
733 994 907 1075 iuaequalis.

192 1098 288 1158 Linea
310 1096 358 1154 est
380 1091 476 1154 series
498 1090 548 1153 vel
572 1091 648 1152 ordo
674 1108 880 1169 personarum
902 1091 984 1152 inter
1005 1110 1087 1172 quas

153 1187 331 1251 communio
353 1184 514 1266 sanguinis
532 1184 709 1247 intersedit.
731 1185 853 1246 Gradus
872 1191 919 1246 est
938 1185 1088 1249 distantia

152 1288 234 1350 inter
247 1277 415 1364 personant
431 1289 462 1344 ct
476 1300 643 1361 personam
657 1300 681 1343 a
690 1281 849 1344 communi
862 1281 977 1361 stipite.

193 1381 322 1462 Regula
337 1398 393 1459 pro
408 1379 558 1460 gravibus
573 1399 580 1440 :

194 1482 226 1539 κ’
246 1480 306 1540 Pro
329 1476 413 1538 linea
435 1474 672 1537 ascendentium
693 1479 725 1536 et
745 1474 1014 1551 descendentium,
1039 1481 1089 1538 tot

154 1579 227 1636 sunt
247 1571 365 1652 gradus
383 1573 460 1650 quot
479 1577 552 1632 sunt
570 1589 724 1650 personae,
741 1571 867 1651 dempto
888 1589 949 1632 uno
968 1571 1084 1650 stipite.

194 1673 225 1731 2⁰
239 1671 300 1730 Pro
316 1667 487 1729 collaterali
502 1667 616 1746 {equali
632 1687 639 1729 :
657 1669 739 1740 Quot
752 1667 932 1748 gradibusa
945 1668 1088 1747 proximo

155 1765 314 1828 communi
327 1764 431 1842 stipite
446 1781 588 1843 personae
604 1763 733 1842 distant,
746 1768 794 1848 tot
806 1764 957 1844 gradihus
971 1764 1091 1827 distant

154 1862 236 1924 inter
250 1880 294 1923 se.
713 1856 718 1868 '
1134 1913 1138 1920 .

193 1959 226 2020 3⁰
247 1959 307 2017 Pro
329 1955 499 2018 collaterali
517 1955 666 2036 inaquali
687 1977 694 2018 ε
719 1958 801 2029 Quot
821 1956 971 2038 gradibus
993 1958 1090 2021 distat

155 2071 289 2135 persona
303 2053 452 2114 remotior
466 2073 486 2115 a
500 2054 660 2140 communi
673 2054 789 2135 stipite,
800 2057 847 2118 tot
860 2055 1012 2135 gradibus
1026 2055 1089 2118 dis-

154 2151 318 2214 tantinter
333 2169 376 2211 se.

194 2249 211 2312 J
215 2266 250 2310 us
265 2248 355 2312 civile
369 2247 434 2310 sive
448 2248 480 2308 in
494 2247 577 2309 linea
591 2249 689 2325 recta,
705 2247 771 2310 sive
785 2248 818 2309 in
838 2248 1008 2312 collaterali
1022 2269 1091 2313 res-

155 2345 232 2426 picit
250 2362 416 2406 numerum
434 2361 641 2424 personarum
658 2344 697 2406 de
715 2363 849 2425 quarum
867 2347 1091 2426 consanguini-

154 2445 219 2504 tate
232 2441 401 2520 inquiritur
418 2441 451 2501 in
470 2441 572 2503 causis
593 2441 843 2516 successionem;
865 2444 897 2504 et
919 2447 995 2523 quot
1015 2462 1092 2523 per-

155 2553 240 2599 sonae
254 2540 301 2597 tot
314 2535 432 2616 gradus
447 2541 621 2615 enumerat,
638 2556 702 2603 una
715 2537 855 2616 ipsarum
869 2538 1007 2618 dempta.

194 2631 341 2694 Ecclesiae
363 2636 525 2711 computat
544 2652 602 2712 per
621 2634 853 2714 generationes,
877 2638 908 2698 et
925 2633 977 2715 jus
997 2634 1090 2697 civile

155 2744 212 2806 per
220 2726 349 2807 gradus.
358 2730 455 2790 Porro
465 2746 580 2790 nomen
589 2730 802 2809 generationis
812 2731 939 2794 uberius
947 2733 1090 2794 estNam

155 2825 257 2906 prima
288 2825 449 2906 generatio
489 2829 726 2908 comprehendit
744 2833 892 2908 parentes
920 2833 952 2893 et
979 2847 1089 2893 omnes

153 2921 268 2984 liberos
282 2921 463 2986 immediate
478 2925 519 2985 ab
533 2923 571 2985 iis
585 2925 725 3006 genitos;
742 2927 826 2988 unde
841 2926 954 2990 fratres
968 2926 1089 2988 suntin

154 3019 256 3099 prima
270 3020 485 3102 generatione,
497 3021 557 3098 ,sed
571 3022 732 3100 generatio
744 3021 757 3102 j
763 3027 836 3083 uxta
846 3023 936 3085 civile
947 3040 1090 3103 compre·

154 3115 264 3178 hendit
278 3117 414 3196 primum
429 3121 461 3178 et
474 3116 648 3179 secundum
661 3119 808 3198 madum.
820 3120 868 3180 lta
881 3119 1090 3200 secundoge-

154 3213 273 3275 neratio
295 3213 532 3292 comprehendit
549 3219 679 3294 nepotes
698 3217 844 3294 respectu
863 3216 925 3293 avi,
942 3215 997 3297 qui
1015 3233 1089 3278 con·

153 3306 272 3369 sobrini
292 3314 364 3372 sunt
384 3310 466 3372 inter
487 3330 520 3372 se
544 3331 551 3373 :
575 3329 651 3392 ergo
671 3318 819 3392 quartum
837 3312 983 3394 gradum.
1003 3313 1089 3393 Ergo

154 3403 345 3478 computatio
372 3404 540 3484 graduum,
565 3405 658 3487 juxta
681 3398 733 3488 ju's
760 3407 851 3470 civile
874 3408 1034 3470 iuvenitur
1055 3409 1089 3470 in

152 3496 271 3558 ratione
287 3497 445 3575 duplicata
459 3503 701 3580 computationis
714 3521 773 3584 per
785 3505 1017 3584 generationes.
